1930 2448
354 127 683 159 COMMENTATIO
710 136 753 158 An
786 128 1100 168 QUAESTIONEM
1127 128 1352 163 PHYSICAM.
1581 140 1617 170 35

141 213 192 243 Cl.
214 210 355 247 Oersted,
379 220 467 247 quum
482 212 585 241 haecce
602 212 768 243 observaret
785 212 999 248 phaenomena,
1022 213 1170 243 invenerat
1186 221 1268 242 acum
1285 220 1440 249 numquam
1460 221 1524 242 cum
1542 223 1612 243 con-

98 264 221 294 ductore
238 263 372 299 angulum
389 269 497 291 rectum
522 262 625 293 facere.
666 263 695 292 Si
719 269 812 292 autem
837 263 1019 292 attendamus
1043 273 1124 293 acum
1154 265 1369 301 Magneticam,
1390 266 1485 294 fluxus
1507 266 1613 295 actioni

101 317 280 354 subjectam,
301 315 398 343 eodem
415 322 561 344 momento
580 316 694 345 actione
712 314 823 344 telluris
844 315 937 352 affici,
958 315 1042 344 facile
1061 315 1175 352 liquet,
1196 315 1380 345 directionem
1401 325 1467 345 acus
1488 316 1615 346 declina-

98 375 142 397 tae
168 366 231 396 fore
258 368 441 396 resultantem
469 375 502 394 ex
529 367 640 395 duabus
665 366 722 395 illis
748 365 923 396 actionibus.
966 366 997 395 si
1026 366 1113 403 igitur
1133 366 1210 395 inam
1230 366 1342 395 telluris
1375 373 1481 396 actioni
1496 367 1610 396 subtra-

96 418 165 447 here
182 426 354 454 possemus,
375 418 493 447 fluxus'
486 427 515 446 m
527 427 586 446 eam
603 418 676 447 actio
692 425 822 448 accurate
839 416 953 449 definiri
975 424 1099 455 posset,
1118 423 1148 446 et
1166 417 1329 447 videremus
1346 418 1408 455 ejus
1423 418 1611 448 directionem

95 469 267 499 conductori
287 469 546 506 perpendicularem
566 469 642 498 foi-,e

134 521 311 557 Apparatum
330 520 435 549 confici
451 519 561 548 curavit
590 521 656 549 Cel.
678 520 824 558 Ampere‚
845 522 928 561 cujus
944 531 1001 560 ope
1016 522 1072 551 hoc
1090 528 1187 559 potest
1204 520 1349 557 obtineri,
1374 527 1401 550 et
1422 530 1507 557 quam
1525 529 1610 551 vocat

95 580 177 601 acum
194 574 345 601 astatis-am
367 572 508 610 (aiguille
523 572 689 610 aetatique)
711 574 752 610 (4
762 574 789 609 ).

131 623 210 652 Idem
229 623 283 653 erit
303 623 441 659 effectus,
459 623 483 652 si
501 624 571 652 duae
586 632 654 652 acus
671 624 744 660 NS,
760 632 790 654 et
808 625 881 655 N‘S'
901 626 916 661 <
920 624 973 663 fig.
987 626 1049 663 26)
1069 634 1128 654 uno
1145 625 1303 661 eodemque
1321 625 1365 654 axi
1378 626 1610 663 conjungantur,

93 673 132 703 ita
148 680 181 703 ut
196 675 282 712 polus
300 674 425 704 borealis
441 674 549 710 unius,
570 680 600 703 et
614 675 745 703 ausu-alis
762 677 881 705 alterius
899 677 934 705 ad
951 676 1066 705 eandem
1084 676 1161 705 illius
1178 684 1263 705 axeos
1283 683 1391 712 partem
1413 676 1483 705 sint.
1508 677 1611 706 Tellus

94 725 169 754 enim
186 724 217 755 in
237 734 320 754 unam
337 732 448 753 exercet
462 725 603 754 actionem
624 725 792 754 contrariam
812 727 875 763 ejus
894 727 1001 756 actioni
1018 727 1048 756 in
1066 729 1183 756 alteram
1195 748 1205 763 ,
1229 736 1301 764 quae
1317 727 1446 757 actiones
1464 727 1551 764 igitur
1569 736 1612 756 se-

93 783 126 805 se
140 775 303 805 destruunt.
347 776 377 804 Si
396 784 472 805 nunc
489 775 569 804 filum
588 776 792 805 conductorem
809 777 886 806 infra
901 786 982 807 acum
998 778 1071 814 Ns,
1092 780 1139 807 vel
1155 787 1242 815 supra
1260 787 1341 807 acum
1357 779 1397 807 N'
1409 777 1611 815 S'ponamus,

94 826 190 855 statim
208 827 302 856 fluxus
320 827 432 856 actione
452 827 481 856 in
501 836 583 856 acum
605 826 779 863 proximam,
796 834 949 863 apparatus
970 829 1121 857 deducitur
1139 828 1169 858 in
1193 829 1370 865 positionem
1396 829 1492 859 fluxus
1520 830 1612 859 direc-

91 876 165 907 tioni
189 879 467 915 perpendicularem.
510 878 542 907 Si
561 887 630 907 vero
656 878 736 907 filum
753 878 828 908 inter
849 879 918 909 duas
934 888 1003 908 acus
1020 886 1166 916 ponatur,
1188 880 1289 909 eodem
1311 886 1440 917 tempore
1463 880 1557 910 fluxus
1581 881 1611 910 in

90 935 242 965 utramque
257 930 333 966 agit,
355 932 438 967 cujus
457 929 580 958 actionis
598 929 746 960 intensitas
765 939 798 958 eo
815 931 904 967 major
921 938 985 966 est,
1008 939 1067 967 quo
1083 930 1176 960 minor
1194 930 1231 960 sit
1255 940 1357 960 acuum
1372 932 1504 961 distantia
1525 935 1606 971 (5).

131 979 164 1008 Si
182 981 342 1009 conductor
360 981 477 1009 mobilis
498 979 571 1017 ijslg.
596 980 640 1017 6)
661 989 728 1010 acus
750 980 931 1017 Magneticae
948 981 1019 1009 fixae
1040 981 1148 1010 actioni
1171 981 1361 1019 subjiciatur,
1384 983 1488 1012 similia
1507 984 1609 1012 obser-

93 1036 197 1060 vantur
212 1032 419 1067 phaenomena.
461 1031 594 1060 Circuitu
611 1031 686 1060 enim
702 1032 884 1068 constituto,
905 1031 987 1061 hicce
1008 1033 1170 1062 conductor
1190 1040 1257 1069 post
1274 1033 1386 1069 aliquot
1411 1035 1607 1064 oscillationes

91 1082 122 1112 in
139 1082 315 1119 positionem
339 1083 490 1112 deducitur
510 1082 773 1119 perpendicularem
792 1083 903 1119 lineae,
927 1092 1000 1119 quae
1019 1085 1104 1121 polos
1122 1085 1270 1121 Magnetis
1285 1085 1457 1123 conjungit,
1479 1093 1506 1115 et
1520 1089 1606 1122 polus

87 1134 220 1163 australis
236 1134 337 1163 iterum
354 1135 388 1163 ad
404 1134 546 1163 sinistram
570 1141 680 1170 partem
698 1135 793 1163 fluxus
815 1134 1003 1165 conductoris
1026 1135 1141 1163 mobilis
1158 1136 1213 1163 erit
1235 1136 1249 1169 (
1260 1135 1314 1173 6).

126 1185 174 1214 Ex
188 1185 267 1214 hisce
284 1185 372 1222 igitur
393 1186 528 1215 omnibus
546 1192 681 1222 apparet3
699 1187 776 1222 quod
787 1195 853 1214 acus
871 1186 948 1223 Αἶας
934 1187 1059 1221 metica
1073 1187 1182 1214 actione
1193 1186 1292 1222 fluxus
1309 1186 1466 1223 Electrici‚
1485 1189 1517 1216 in
1529 1191 1606 1227 posi.

85 1238 187 1266 sionem
204 1236 363 1265 deducatur
369 1257 379 1272 ‚
393 1236 657 1274 perpendicczlarem
678 1236 828 1265 directioni
842 1235 866 1271 f
858 1237 889 1265 Ιι
910 1236 1108 1271 conductoris,
1129 1238 1174 1264 ita
1196 1237 1297 1273 atejus
1309 1238 1374 1275 polz
1371 1247 1390 1266 s
1411 1241 1551 1268 auslralis
1566 1243 1605 1269 sic

86 1286 130 1315 ad
143 1288 290 1315 sinistram
306 1287 404 1323 fluxus
425 1293 560 1324 parterm·
581 1294 609 1316 et
627 1287 754 1318 vicissim
773 1286 926 1316 conductor
949 1287 1057 1317 mobilis
1080 1289 1190 1316 actione
1217 1286 1365 1325 Magnetis
1388 1291 1420 1317 in
1439 1292 1605 1328 positionem

81 1338 206 1377 pellitur
221 1335 486 1376 perpendicularem
507 1338 618 1374 lineae,
640 1347 713 1376 quae
728 1347 795 1366 acus
806 1339 883 1377 polos
899 1340 1065 1377 conjungit,
1087 1349 1206 1378 quorum
1223 1342 1362 1370 australis
1383 1344 1489 1371 iterum
1509 1343 1551 1373 ad
1565 1346 1605 1372 si.

85 1390 208 1418 nistram
221 1388 318 1426 fluxus
327 1394 444 1427 partem
461 1395 514 1418 est.

122 1439 179 1468 Sed
202 1448 339 1474 quaenam
360 1440 403 1468 es't
418 1441 521 1469 horum
539 1440 803 1477 phaenomenorum
821 1441 1000 1478 explicatio?
1032 1441 1110 1470 Haec
1128 1442 1260 1478 quaestio
1277 1451 1355 1472 nunc
1373 1451 1417 1473 est
1432 1444 1603 1483 indaganda.

124 1489 344 1518 Observandum
363 1497 407 1518 est
424 1490 588 1527 Magnetem
607 1492 705 1520 eodem
723 1492 809 1521 modo
826 1491 856 1521 in
869 1492 1074 1521 conductorem
1093 1492 1228 1521 mobilem
1247 1502 1329 1530 agere
1345 1503 1376 1523 ac
1397 1497 1541 1525 tellurem.
1570 1497 1601 1526 si

85 1538 200 1568 enimin
218 1540 297 1568 fluxu
315 1541 417 1569 mobili
434 1542 650 1571 observatorem
672 1552 870 1579 supponamus
883 1565 895 1580 ‚
917 1553 932 1572 a
950 1546 1032 1581 cujus
1049 1544 1173 1580 pedibus
1190 1545 1224 1574 ad
1243 1553 1329 1582 caput
1350 1548 1468 1583 profluit
1483 1549 1577 1578 fluxus
1589 1570 1600 1585 ‚

39 1613 42 1615 ,
86 1596 114 1618 et
136 1590 185 1626 qui
203 1590 303 1619 faciem
321 1600 422 1622 versus
440 1600 542 1623 terram
561 1594 668 1632 vertit,
689 1597 776 1631 polus
792 1595 925 1625 australis
946 1596 1058 1624 telluris
1079 1596 1163 1625 etiam
1182 1596 1217 1625 ad
1235 1597 1379 1626 sinistram
1399 1598 1485 1636 hujus
1506 1599 1601 1628 fluxus

1537 1658 1604 1686 par-

85 1718 120 1743 sit
135 1717 287 1745 declicatio.
317 1720 377 1747 Cel.
396 1711 514 1754 Amp'ere
535 1722 598 1748 hinc
620 1730 718 1748 novum
741 1724 907 1756 excogitavit
926 1730 1094 1756 apparatum,
1115 1724 1191 1756 cujus
1211 1730 1264 1757 ope
1289 1725 1332 1750 illa
1358 1725 1495 1751 intensitas
1519 1733 1603 1752 accu-

82 1771 137 1789 rate
158 1763 263 1790 definiri
277 1773 384 1799 posset,
413 1774 439 1794 et
458 1770 504 1800 qui
525 1770 647 1795 consistit
670 1771 695 1796 in
715 1777 763 1795 acu
786 1770 938 1803 Magnetica
960 1771 1028 1803 pilae
1052 1771 1268 1803 superimposita:
1296 1771 1402 1796 actione
1425 1772 1493 1797 enim
1514 1773 1597 1805 ipsius

82 1810 168 1842 pflae,
188 1810 278 1845 (quae
302 1815 430 1839 contraria
452 1822 493 1841 est
510 1816 611 1841 actioni
632 1815 669 1841 fili
692 1806 885 1848 conductoris,
911 1817 957 1843 sed
980 1817 1004 1842 ei
1025 1823 1110 1842 tamen
1135 1817 1243 1843 similis:
1276 1817 1346 1844 vidd.
1374 1817 1472 1852 Expase
1503 1819 1529 1852 §.
1547 1826 1600 1849 213

81 1858 192 1882 annales
209 1862 259 1884 etc.
283 1864 345 1885 tom.
363 1860 463 1887 XVIII.
486 1869 545 1895 pag.
563 1868 613 1894 315
632 1860 734 1896 seq'q.)
759 1864 803 1888 illa
821 1871 884 1888 acus
909 1871 1017 1896 quoque
1040 1863 1180 1894 deviatur,
1200 1869 1265 1895 quae
1293 1863 1410 1890 deviatio
1431 1865 1515 1897 maj0r
1541 1872 1600 1895 est,

83 1909 163 1935 quum
181 1904 268 1930 fluxus
291 1905 360 1937 pilae
378 1907 514 1934 intensitas
535 1909 569 1935 sit
585 1909 680 1942 major.
716 1909 844 1936 Ceterum
858 1910 911 1935 hoe
931 1908 964 1936 de
978 1915 1101 1942 apparatu
1134 1908 1208 1936 vidd.
1226 1910 1324 1944 Expose
1349 1911 1375 1943 S.
1393 1918 1453 1942 22..)
1488 1911 1602 1937 Annales

83 1953 130 1975 etc.
159 1955 222 1976 tom.
242 1950 298 1976 XV.
326 1959 385 1984 pag.
401 1954 444 1986 67.

115 1995 185 2028 (4)
209 1996 296 2028 Hujus
323 2005 463 2030 apparatus
484 1999 631 2035 descriptio
658 2003 794 2030 invenitur
816 2003 843 2030 in
864 2003 961 2031 Diario
995 2000 1109 2028 Annales
1127 2007 1174 2029 eu·-
1203 2008 1268 2030 tom'.
1289 2003 1348 2030 XV.
1377 2009 1436 2037 pag.
1459 2005 1517 2037 1'99.
1551 2002 1598 2030 Cf.

81 2039 178 2073 Expose
195 2048 241 2068 etc.
267 2042 293 2076 §.
311 2051 354 2076 24.
949 2047 1013 2082 (5)
1038 2049 1085 2076 cf.
1108 2048 1205 2082 Expose
1225 2056 1274 2077 etc.
1300 2050 1325 2084 S.
1341 2057 1383 2084 25.

115 2087 179 2121 (6)
204 2089 263 2116 Cff.
279 2090 376 2123 Expose'
395 2097 442 2119 etc.
467 2093 490 2127 §-
508 2094 558 2126 263
593 2095 706 2123 Annales
721 2102 770 2124 ete.
790 2102 858 2123 tom.
875 2095 933 2122 XV.
954 2103 1014 2128 pag.
1034 2102 1103 2128 2153
1130 2102 1194 2123 tom.
1213 2097 1314 2124 XVIII.
1340 2104 1400 2131 pag.
1415 2102 1475 2128 322.

884 2142 910 2171 E
933 2151 950 2169 2
