1930 2448
258 160 294 187 40
494 143 784 177 BOUDEWINt
807 142 1012 174 DONKER
1033 143 1259 174 CURTIUS
1284 153 1324 172 w.
1349 153 1377 173 B.
1401 151 1529 178 ruit,

259 239 329 259 vero
347 232 551 267 repelleretur,
572 229 601 257 in
621 227 714 257 medio
738 226 830 255 stabat
853 226 882 255 in
905 225 1097 262 aequilibrio,
1121 234 1243 262 quorum
1266 225 1528 262 phaenomenorum
1556 224 1707 261 explicatio
1732 225 1771 255 si·

260 281 333 310 milis
352 289 395 309 est
411 281 455 316 ei,
479 289 561 315 quam
579 287 665 315 supra
681 277 816 307 similium
832 278 982 306 effectuum
999 277 1127 306 dedimus
1149 277 1207 313 (18
1222 281 1248 312 J.

299 333 442 368 Ampliss.
464 331 633 368 Boisgiraud
653 339 770 366 quoque
796 338 846 359 sua
870 330 920 357 hac
942 330 976 357 de
1000 327 1113 356 materia
1131 328 1322 364 experimenta
1341 327 1487 364 instituit,
1509 328 1537 357 in
1555 327 1661 363 quibus
1678 333 1773 356 autem

258 384 394 420 Magnete
417 382 613 417 horizontali,
636 390 692 418 ope
710 381 830 418 alicujus
848 379 1030 416 pinguedinis
1047 388 1135 415 aquae
1159 379 1323 415 inmeante,
1345 388 1414 408 usus
1433 387 1487 411 est.
1526 379 1619 408 Filum
1645 379 1773 408 conduc·

259 442 349 463 torem
369 434 407 462 ita
429 433 595 470 disposuit,
617 439 649 461 ut
667 432 695 461 in
714 431 831 460 mediam
854 439 933 458 acum
953 437 1048 466 ageret
1062 451 1071 466 ,
1095 437 1123 459 et
1139 431 1304 460 observavit
1325 440 1405 460 acum
1432 431 1462 459 in
1490 430 1538 458 illa
1563 429 1712 466 positione
1730 438 1775 458 re-

261 494 393 520 manere,
415 485 439 513 si
455 483 586 514 attractio
605 483 716 512 adesset
728 501 738 517 ‚
760 490 794 511 ex
810 481 857 510 illa
873 487 966 510 autem
990 483 1059 518 pelli
1075 489 1161 518 atque
1181 484 1327 512 indefinite
1345 493 1360 512 a
1379 483 1427 513 filo
1443 482 1606 517 discedere,
1630 483 1653 511 si
1668 482 1712 512 vis
1731 491 1774 511 es-

259 543 303 565 set
322 536 477 573 repulsiva.
519 534 548 563 Si
571 534 650 562 filum
677 540 769 561 autem
789 532 863 560 inter
885 538 1024 568 punctum
1047 533 1168 562 medium
1189 541 1216 563 et
1239 543 1322 564 unam
1339 535 1490 563 alteramve
1509 533 1654 570 Magnetis
1681 540 1774 562 extre-

259 589 384 616 mitatem
411 593 486 615 esset
503 585 651 623 positum,
670 593 738 613 acus
758 592 819 612 sese
837 583 990 619 movebat,
1012 584 1102 612 donec
1122 586 1183 622 ejus
1201 593 1338 622 punctum
1355 585 1476 613 medium
1496 584 1550 612 sub
1568 584 1775 612 conductorem

257 638 406 673 venisset,
428 637 452 666 si
475 637 550 666 actio
572 636 617 665 fili<
634 643 709 664 esset
727 634 892 670 attractiva;
916 643 1003 670 quum
1020 643 1090 663 vero
1111 636 1254 671 repulsiva
1278 644 1371 670 esset,
1394 636 1612 671 phaenomenon
1638 642 1774 662 memora-

259 696 320 718 tum
339 690 440 718 iterum
460 690 555 717 locum
579 687 711 715 habebat.
754 686 818 714 Hos
837 685 955 714 effectus
980 685 1009 713 in
1034 685 1202 713 attractione
1228 692 1255 713 et
1279 686 1443 722 repulsione
1465 685 1628 721 Magnetem
1652 685 1726 714 inter
1746 691 1773 713 et

259 742 367 770 fluxum
392 740 568 769 Electricum
594 746 721 767 caussam
746 737 873 772 habere,
898 743 996 765 omnes
1023 734 1083 762 fere
1100 735 1275 772 intelligunt.
1316 736 1410 773 Leges
1439 736 1526 772 igitur
1551 737 1636 773 hujus
1654 736 1775 764 actionis

261 793 360 821 eodem
385 792 472 819 modo
495 789 674 819 determinari
702 794 827 824 possunt
852 796 883 815 ac
906 787 988 816 initio
1009 787 1095 823 hujus
1114 788 1130 823 ς
1153 787 1294 822 fecimus;
1316 788 1524 816 observandum
1548 793 1677 821 tantum,
1700 786 1775 814 illam

259 841 556 878 decompositionem,
580 849 652 876 quae
675 848 762 876 supra
786 840 815 867 in
843 838 1001 867 directione
1027 837 1172 874 Magnetis
1201 838 1245 866 axi
1270 837 1498 874 perpendiculari
1524 838 1627 872 fiebat,
1649 845 1725 865 nunc
1746 837 1776 865 in

260 892 418 922 directione
437 892 462 920 ei
484 893 617 928 parallela
643 890 704 919 fieri
731 890 855 926 debere3
878 889 999 927 Magnes
1021 889 1094 927 enim
1114 889 1168 917 hoc
1192 889 1220 918 in
1248 897 1315 917 casu
1337 896 1447 917 tantum
1468 897 1518 916 sua
1537 887 1671 924 gravitate
1693 894 1779 923 atque

260 944 371 974 telluris
387 944 497 973 actione
516 952 579 972 sese
600 951 715 972 movere
732 949 830 978 potest
857 942 885 970 in
903 943 989 977 plano
1007 941 1051 970 axi
1071 941 1229 977 parallelo3
1253 939 1328 968 illius
1353 939 1473 968 actionis
1497 945 1703 974 componentes
1726 938 1778 975 igi·

260 1002 309 1024 tur
322 995 405 1024 etiam
427 994 457 1023 in
482 995 568 1022 hacce
593 994 749 1022 directione
768 1002 830 1022 esse
847 993 962 1022 debent.
1006 992 1083 1020 Hinc
1110 993 1284 1020 resultantes
1305 991 1427 1020 actionis
1449 991 1544 1019 fluxus
1565 999 1664 1019 omnes
1689 990 1718 1018 in
1736 998 1780 1018 ea-

263 1046 325 1075 dem
347 1053 429 1074 erunt
452 1046 628 1080 directione,
650 1053 677 1074 et
697 1045 720 1073 si
743 1046 790 1073 illa
808 1045 882 1073 actio
909 1044 946 1072 sit
967 1044 1136 1076 attractiva,
1158 1043 1252 1071 fluxus
1279 1051 1358 1070 acum
1379 1042 1407 1070 in
1430 1041 1563 1070 omnibus
1583 1041 1778 1077 positionibus

264 1098 363 1125 eodem
384 1097 470 1125 modo
485 1098 624 1133 attrahet3
648 1097 672 1125 si
693 1097 780 1132 igitur
806 1096 900 1123 fluxus
924 1103 988 1123 cum
1015 1094 1104 1123 media
1125 1102 1177 1122 acu
1204 1094 1233 1123 in
1253 1094 1350 1122 eodem
1379 1093 1416 1121 sit
1440 1095 1523 1129 plano
1544 1093 1692 1128 verticali‚
1714 1094 1776 1130 eJ'us

263 1149 335 1178 actio
357 1148 386 1177 in
403 1155 552 1183 utramque
577 1147 720 1183 Magnetis
746 1154 852 1182 partem
882 1146 935 1174 erit
954 1146 1103 1180 aequalis,
1126 1145 1175 1180 qui
1197 1145 1225 1173 in
1247 1144 1417 1180 aequilibrio
1442 1144 1539 1173 stabit.
1581 1144 1614 1173 In
1631 1143 1781 1180 positione

261 1208 330 1228 vero
348 1199 442 1227 fluxus
461 1198 536 1227 inter
556 1198 631 1226 illam
654 1198 771 1226 mediam
793 1204 821 1225 et
840 1199 901 1234 ejus
920 1206 1003 1226 unam
1019 1200 1170 1226 alteramve
1187 1197 1409 1232 extremitatem,
1432 1198 1494 1234 ejus
1516 1196 1591 1225 actio
1611 1198 1641 1225 in
1660 1196 1781 1225 maxima.

261 1256 342 1286 parte
357 1249 410 1277 erit
426 1249 564 1283 maxima,
587 1254 615 1276 et
631 1256 698 1275 acus
724 1256 787 1276 sese
806 1248 953 1283 movebit,
975 1249 1065 1276 donec
1085 1249 1177 1277 fluxus
1196 1248 1226 1277 in
1243 1255 1394 1283 utramque
1418 1247 1497 1276 illius
1520 1254 1628 1283 partem
1652 1247 1780 1277 actiones

262 1300 320 1329 sint
343 1300 487 1335 aequales.
527 1299 626 1336 Quum
652 1305 745 1326 autem
773 1298 900 1333 repulsio
930 1299 1023 1335 adsit,
1046 1300 1167 1336 Magnes
1199 1299 1302 1327 iterum
1327 1305 1460 1327 movetur
1485 1298 1514 1327 in
1538 1297 1696 1326 directione
1718 1299 1781 1335 eJ'us

261 1351 352 1387 partis
372 1351 529 1386 maximae,
558 1350 646 1388 magis
673 1349 822 1386 magisque
845 1358 860 1378 a
884 1349 934 1378 filo
959 1349 1103 1386 discedit,
1125 1350 1217 1379 donec
1241 1349 1360 1378 totidem
1380 1350 1441 1387 ejus
1463 1347 1571 1379 actioni
1589 1347 1628 1377 sit
1650 1347 1784 1378 subtrac-

263 1409 309 1430 tus
330 1402 429 1439 (19).
462 1437 464 1441 V

302 1452 359 1480 Hic
376 1461 493 1488 quoque
510 1459 553 1481 est
564 1472 575 1488 ,
599 1452 677 1488 quod
690 1450 800 1481 dicatur
819 1452 852 1481 de
869 1453 1068 1489 experimentis
1086 1460 1171 1489 atque
1190 1453 1314 1483 inventis
1341 1453 1389 1482 Cl.
1414 1451 1538 1489 Speyert
1555 1459 1610 1481 van
1628 1451 1677 1480 der
1692 1448 1781 1488 Eyk,

264 1503 292 1531 in
315 1502 466 1531 Academia
488 1503 753 1539 Lugduno-Batava
770 1503 908 1540 Physices
932 1511 959 1533 et
980 1504 1149 1533 Matheseos
1174 1503 1352 1533 sublimioris
1377 1503 1565 1533 Professoris.
1605 1504 1685 1533 Duas
1708 1502 1783 1539 pilae

265 1553 452 1581 extremitates
472 1553 521 1581 filo
540 1553 570 1582 in
587 1553 706 1581 helicem
721 1560 858 1582 contorto
875 1554 1047 1591 conjunxit,
1078 1562 1105 1583 et
1128 1555 1152 1583 ei
1169 1563 1250 1583 acum
1268 1554 1459 1590 Magneticam
1474 1553 1634 1590 imposuit,
1657 1554 1686 1582 in
1705 1552 1784 1583 omni

264 1604 421 1632 directione
443 1604 533 1632 libere
559 1603 713 1638 mobilem,
741 1603 801 1631 sive
823 1612 991 1640 suspensam
1017 1604 1047 1632 in
1079 1604 1198 1634 formam
1225 1605 1364 1642 lampadis
1390 1604 1535 1640 Car-dani,
1558 1604 1785 1640 observavitque

266 1654 452 1682 directionem
479 1663 546 1682 acus
569 1662 633 1682 cum
656 1654 703 1683 illa
730 1653 832 1682 helicis
853 1663 938 1684 axeos
963 1658 1137 1694 convenire,
1169 1667 1220 1687 seu
1244 1658 1362 1695 potius:
1386 1658 1475 1694 ipsam
1502 1666 1604 1693 acum,
1634 1666 1688 1693 pro
1710 1665 1784 1692 quo·

264 1714 378 1741 cunque
398 1705 455 1734 situ
483 1706 604 1742 helicis,
626 1706 765 1742 obliquo,
787 1706 981 1743 horizontali,
1000 1709 1147 1744 verde-ali,
1171 1718 1367 1745 quocunque,
1393 1717 1506 1745 semper
1528 1708 1676 1744 quiescere
1694 1706 1723 1736 in
1741 1707 1786 1743 ip-

265 1765 298 1784 so
321 1756 422 1784 helicis
450 1765 520 1792 axe,
551 1765 643 1792 eoque
667 1757 825 1785 accuratius
851 1765 878 1786 et
904 1758 1034 1796 firmius,
1069 1769 1126 1796 quo
1151 1760 1228 1788 helix
1253 1761 1387 1796 pluribus
1415 1760 1553 1789 instructa
1574 1765 1648 1788 esset
1674 1757 1784 1795 spiris;

270 1806 396 1841 indicio,
419 1807 513 1835 fluxus
534 1808 684 1835 electricos
708 1810 849 1837 naturales
875 1818 950 1838 circa
972 1819 1052 1839 acum
1078 1812 1286 1848 magnetum,
1319 1812 1475 1840 secundum
1504 1812 1552 1841 Cl.
1577 1811 1723 1846 Ampere,
1754 1808 1784 1838 in

265 1858 358 1894 planis
383 1859 545 1894 parallelis,
569 1861 615 1887 vel
637 1859 752 1888 circulis
775 1860 900 1895 clausis,
930 1862 1203 1898 perpendiculariter
1219 1862 1262 1890 axi
1285 1862 1423 1899 magnetis
1448 1861 1672 1896 insistentibus,
1690 1860 1786 1889 omni·

267 1917 304 1937 no
333 1910 486 1944 procedere
512 1908 623 1945 videri,
655 1910 788 1946 quoniam
813 1911 907 1941 fluxus
931 1911 961 1941 in
991 1912 1099 1950 helice,
1132 1920 1188 1948 quo
1215 1913 1313 1948 plures
1337 1913 1438 1942 habeat
1461 1913 1575 1950 spiras,
1605 1921 1638 1940 eo
1662 1909 1784 1948 propius

1737 1967 1784 1989 ac-

300 2039 381 2073 (18)
406 2041 451 2068 Cf.
470 2042 565 2076 Expoxb
582 2047 629 2069 etc.
655 2044 680 2076 ἕ.
700 2050 742 2076 5¹·

299 2085 376 2119 (19)
402 2087 459 2114 Cff.
477 2088 574 2121 Expose
591 2094 640 2116 etc.
668 2089 693 2124 ἓ·
711 2097 766 2123 543
792 2090 905 2119 Annales
918 2096 971 2120 etc.
998 2097 1062 2121 tom.
1078 2092 1140 2120 XV.
1165 2099 1223 2126 pag.
1244 2099 1290 2126 279
1309 2098 1385 2127 seqq.
