1961 2438
710 96 1098 133 onir10.
1623 99 1648 142 7⁸

186 200 189 203 ’
211 199 360 233 'Attamen
383 208 449 242 quo
468 195 570 240 magis
586 204 717 236 vereor,
739 204 853 226 vereor
874 198 981 224 autem
998 191 1254 235 quammaxime,
1276 196 1314 223 ut
1337 201 1408 225 non
1431 196 1544 223 noceat
1561 198 1633 222 mea

173 259 238 291 oris
261 256 415 297 infantia,
437 265 477 287 eo
501 252 602 296 magis
631 257 770 284 vestram
797 249 890 283 A.A.
913 247 1017 282 HAL!
1040 247 1122 280 mihi
1146 248 1382 292 implorandam
1410 259 1478 281 esse
1502 247 1638 279 benevo-

172 314 302 347 lentiam
325 319 357 346 et
382 312 487 344 sentio
503 316 535 343 et
562 307 729 342 confiteor.
775 308 841 339 Hac
867 306 966 350 igitur
991 312 1028 340 ut
1050 316 1102 338 me
1129 305 1295 339 sublevare
1321 305 1409 338 haud
1440 304 1639 349 dedignemi-

172 372 229 412 ni,
251 371 345 404 enixe
371 380 429 404 vos
449 379 529 412 rogo
556 373 587 400 et
609 366 752 401 obsecro.

238 571 426 642 Adspiciat
458 595 556 629 hodie
584 595 773 628 stelliferum
798 594 925 627 coelum
950 595 1185 631 Astronomus‚
1206 591 1283 623 artis
1302 601 1377 623 suae
1394 590 1542 634 inprimis
1564 591 1647 623 bene
1670 596 1671 600 ’

173 664 310 698 gnarus,
335 654 438 698 qualis
459 662 772 691 HERSGHELIUS,
794 650 899 695 qualis
925 659 1168 687 maneamus,
1190 647 1295 692 qualis
1318 649 1647 679 LAPLAG1U5:Hie

173 719 299 742 summa
319 710 467 754 perfusus
493 711 594 742 animi
615 709 806 753 voluptate,
834 708 914 740 dum
947 706 1067 745 oculis,
1099 714 1271 748 quousque
1298 702 1425 741 ferunt,
1457 704 1648 735 immensam

172 766 390 810 circumspicit
423 766 618 799 stellantium
652 765 795 797 siderum
832 764 1016 807 congeriem
1030 787 1040 803 ‚
1073 761 1179 794 multo
1216 761 1318 804 magis
1349 762 1497 792 acumine
1531 760 1650 792 mentis

174 823 324 866 perspicit
351 822 517 855 infinitum
543 833 676 867 prorsus
700 822 858 866 spatium,
882 820 1005 853 solibus
1027 817 1339 857 innumerabilibus,
1362 816 1417 848 sed
1447 823 1479 848 et
1507 817 1590 848 inter
1611 826 1646 847 se

174 878 350 912 intervallis
365 891 466 923 prope
486 880 624 912 infinitis
641 878 854 917 distantibus,
876 873 1048 920 magnifice
1066 881 1237 913 ornatum,
1254 872 1421 916 splendide
1436 872 1623 904 distinctum
1636 893 1646 908 ,

174 945 315 977 quorum
343 936 461 979 singuli
492 936 574 979 lucis
600 947 677 968 suae
708 934 867 967 effusione
894 935 1070 965 immensos
1093 931 1227 974 globos,
1261 928 1442 961 incredibili
1468 928 1649 968 celeritate2

173 990 231 1021 sed
254 994 349 1023 certis
371 991 511 1035 legibus,
535 993 570 1023 in
597 1002 714 1035 gyrum
741 989 996 1023 circumvolutos
1019 988 1118 1021 medii
1142 987 1306 1019 illustrant
1333 986 1506 1029 beantque.

216 1101 345 1136 'Alicubi
371 1104 406 1136 in
429 1104 551 1136 infiniti
578 1103 667 1137 illius
692 1104 787 1149 spatii
807 1110 962 1148 tanquam
982 1109 1126 1148 puncto,
1157 1105 1192 1135 in
1219 1102 1391 1145 globorum
1422 1100 1569 1140 illorum,
1592 1110 1655 1131 nu-

175 1169 266 1192 mero
297 1162 496 1202 carentium,
525 1173 616 1201 uno,
653 1173 751 1205 quem
783 1167 901 1193 terram
927 1167 1045 1200 vocat,
1080 1159 1274 1192 collocatum
1302 1170 1336 1191 se
1368 1157 1534 1202 intelligit,
1565 1155 1654 1188 unde

175 1216 463 1260 praeclarissimum
486 1219 574 1251 hunc
595 1219 700 1262 capiat
725 1217 941 1250 mirabundus
966 1224 1183 1262 prospectum.

219 1333 267 1364 Ex
286 1332 466 1364 innumeris
488 1331 552 1364 illis
569 1330 692 1364 solibus
709 1341 805 1363 suum
829 1330 949 1370 solem,
972 1341 1089 1374 quem,
1108 1337 1145 1362 ut
1167 1331 1352 1375 propiorem
1368 1332 1411 1362 ita
1437 1329 1572 1374 reliquis
1591 1339 1656 1362 ma-

174 1389 277 1432 jorem
305 1390 426 1428 visum,
455 1389 597 1422 interdiu
625 1388 775 1421 cernebat
799 1387 919 1427 oculis,
957 1386 1163 1431 splendidum
1189 1387 1271 1419 lucis
1297 1386 1476 1430 calorisque
1506 1386 1628 1418 fontem
1643 1409 1655 1426 ‚

176 1453 275 1478 noctu
301 1447 344 1478 ita
372 1447 514 1489 concipit
539 1451 666 1484 mente,
700 1451 737 1476 ut
761 1444 883 1475 circum
908 1442 997 1473 hunc
1032 1453 1098 1475 una
1132 1454 1207 1475 cum
1235 1443 1350 1486 globo,
1380 1444 1474 1486 cujus
1499 1442 1658 1487 punctulo

175 1502 317 1544 insistit,
339 1503 496 1547 cujusque
524 1503 684 1535 rotatione
709 1499 840 1533 obviam
866 1500 958 1531 eunti
977 1498 1039 1531 sibi
1063 1500 1186 1531 circum
1208 1510 1243 1532 se
1268 1499 1414 1543 quotidie
1436 1499 1563 1531 coelum
1580 1498 1658 1531 ferri

175 1559 321 1599 videtur,
345 1560 423 1592 alios
446 1571 577 1603 quoque
594 1559 708 1602 globos
732 1558 900 1596 lucentes,
925 1552 1150 1599 magnitudine
1171 1567 1208 1589 ac
1230 1556 1380 1588 distantia
1403 1556 1566 1590 diversos,
1583 1561 1656 1594 par-

177 1617 235 1646 tim
261 1617 348 1660 ipsos
379 1614 521 1658 globulis
542 1617 610 1646 suis
641 1612 989 1647 circumvolutantibus
1010 1614 1155 1653 cinctos,
1187 1615 1270 1645 circa
1306 1613 1393 1645 hunc
1423 1608 1523 1649 1gitur
1554 1607 1658 1641 solem

179 1682 291 1703 omnes
312 1672 384 1704 illos
408 1671 524 1715 globos
546 1682 644 1715 quam
664 1671 832 1703 celerrimo
859 1681 957 1702 cursu
980 1680 1138 1715 perpetuo
1157 1667 1332 1710 circumagi
1358 1671 1543 1708 cognoscar·

219 1786 364 1824 Horum,
387 1795 469 1828 quae
492 1784 539 1816 sic
564 1784 689 1817 moveri
709 1783 880 1827 intelligit,
905 1783 1092 1815 coelestium
1120 1789 1295 1824 corporum
1327 1778 1389 1809 alia
1411 1778 1542 1821 quidem
1569 1785 1656 1810 ante-

176 1841 286 1875 cedere
305 1842 454 1874 videntur
466 1854 584 1882 cursu,
599 1842 660 1874 alia
679 1842 876 1886 retrogradi,
899 1841 959 1873 alia
978 1842 1098 1873 sensim
1115 1838 1288 1870 accelerare
1310 1841 1457 1873 motum,
1480 1834 1540 1866 alia
1560 1840 1657 1866 retar—

176 1898 269 1938 dare,
290 1908 528 1941 nonnunquam
545 1900 718 1931 consistere
731 1922 742 1939 ,
765 1899 939 1943 aliquando
960 1900 995 1930 in
1013 1899 1153 1930 diversas
1171 1902 1275 1940 partes
1293 1892 1386 1924 trahi.
1414 1891 1475 1923 Sed
1493 1891 1585 1923 novit
1605 1891 1659 1923 ille

182 1956 303 2001 quibus
328 1955 472 1999 legibus,
493 1956 588 1987 certis
609 1957 648 1987 iis
675 1960 895 1999 aeternisque,
917 1962 1110 1989 moveantur
1135 1956 1272 1989 cuncta,
1295 1959 1360 1992 qua
1382 1954 1494 1979 mutua
1518 1948 1601 1979 inter
1620 1958 1654 1978 se

178 2014 212 2046 vi
235 2019 267 2045 et
289 2012 429 2044 efficacia
449 2011 568 2044 distent
591 2014 794 2044 inconcussa.
840 2015 944 2044 Immo
974 2011 1082 2053 legum
1107 2008 1234 2039 illarum
1261 2007 1446 2050 viriumque
1469 2005 1656 2047 simplicita-

177 2075 266 2111 tem,
291 2075 347 2110 εἰ,
364 2069 422 2112 qui
441 2068 515 2101 inde
533 2067 685 2110 efficitur,
711 2074 910 2101 constantem
934 2067 998 2100 sibi
1024 2076 1151 2110 semper
1173 2063 1323 2097 Universi
1348 2062 1495 2095 ordinem
1521 2061 1562 2092 ita
1585 2070 1657 2103 per-

1597 2116 1662 2161 spi·
