1961 2438
355 110 393 147 52
765 113 792 143 J.
861 110 1406 166 §IEUWENHUIS

393 206 433 236 In
457 200 591 234 historia
615 203 725 243 gentes
751 198 885 238 vivunt,
910 201 948 229 ut
970 197 1087 241 singuli
1112 196 1282 240 homines,
1314 199 1369 241 qui
1392 209 1508 232 omnes
1537 201 1670 244 quidem
1697 203 1815 237 oriun-

350 266 424 300 tur,
449 261 620 297 crescunt,
644 255 788 288 indolem
821 255 974 287 innatam
999 259 1031 286 et
1060 255 1186 304 aetatis*
1204 255 1373 295 evolvunt,
1406 255 1464 287 sed
1487 267 1628 300 quorum
1652 260 1816 302 paucissi-

353 317 420 357 mi,
458 315 583 348 ratione
616 312 735 355 ingenii
761 311 928 354 anImique
959 311 1085 351 cultus,
1121 311 1220 343 virilis
1243 310 1358 344 florem
1385 313 1500 344 aetatis
1532 314 1687 347 referunt.
1743 317 1817 348 Suis

355 382 433 405 vero
455 364 758 414 quaeque‘dotibus
787 367 905 411 gaudet
928 373 1038 408 aetas,
1071 377 1149 400 suos
1172 377 1321 411 quaeque
1345 368 1441 400 ssores
1462 368 1654 413 fi'uctusque
1681 371 1815 413 profert.

356 429 414 459 Est
448 425 611 468 quaedam
643 425 760 467 cuique
798 429 908 465 meta,
939 434 1041 467 quam
1072 424 1100 456 si
1132 423 1369 466 transgreditur
1397 423 1498 457 hoino
1512 449 1522 467 ‚
1555 426 1590 458 in
1625 433 1817 469 sequentem

355 483 510 515 continuo
533 486 673 514 aetatem
697 481 855 523 pervenit.

399 543 476 581 Qua
491 538 718 572 observatione
736 538 826 570 ducti
843 536 1045 570 celeberrimi
1061 543 1193 570 nostrae
1212 538 1326 570 aetatis
1342 537 1489 570 historici
1505 538 1646 581 probare
1666 539 1815 581 student,

355 603 466 641 gentes
495 594 667 629 orientales
696 594 805 627 studia
831 594 987 627 evolvisse
1017 594 1197 636 pueritiae,
1228 595 1373 625 Graecos
1399 593 1554 637 deinceps
1580 606 1619 628 ac
1646 597 1817 628 Romanos

355 653 500 685 indolem
527 651 785 692 adolescentiae,
810 655 841 683 et
860 652 1108 683 Germanorum
1128 650 1265 694 populos
1284 650 1384 684 virilis
1403 651 1518 683 aetatis
1541 651 1655 684 florem
1673 652 1819 694 proferre

354 711 514 753 coepisse.·

348 798 351 800 ,
398 768 441 799 At
465 766 559 810 pueri
582 776 651 799 non
671 764 963 809 philosophantur,
987 764 1045 798 sed
1068 766 1231 804 sentitmt3
1257 775 1277 797 a
1299 763 1400 797 rebus
1421 764 1585 807 corporeis
1606 764 1818 798 vehementer

353 822 554 854 adficiimtur
574 823 677 865 iisque
704 823 870 864 maxime,
896 832 981 865 quae
1010 821 1282 862 admirationem,
1306 820 1431 864 pulcri,
1456 831 1495 852 ac
1518 819 1683 852 horribilis
1703 829 1821 853 sensus

353 878 403 911 vel
428 878 533 910 risum
557 883 589 909 et
610 879 721 919 jocum
742 883 885 911 movent.
934 877 1062 920 Quodsi
1081 876 1135 910 res
1155 877 1280 911 divinas
1304 888 1324 909 a
1346 876 1499 909 sensibus
1519 881 1664 908 remotas
1682 877 1820 919 cogitent

355 934 469 976 pueri,
501 935 668 976 pueriliter
690 944 746 967 eas
771 935 900 977 ingenio
925 939 1069 967 tractant
1098 933 1240 975 fervido,
1265 939 1297 966 et
1323 944 1388 977 qua
1414 933 1561 965 maxime
1586 932 1723 975 pollent,
1753 933 1820 965 fin·-

354 990 450 1034 gendi
474 991 524 1032 vi,
555 992 638 1025 varii
667 992 783 1024 coloris
813 990 960 1025 vestibus
994 990 1154 1031 induunt·‚
1186 989 1357 1023 affectibus
1382 988 1604 1032 exprimendis
1628 998 1822 1021 accomme-

353 1047 444 1079 dant.
492 1050 586 1088 Quae
611 1048 658 1081 ita
682 1058 699 1079 e
718 1047 911 1090 phantasiae
937 1057 1162 1089 sensuumque
1189 1045 1354 1079 connubio
1382 1050 1454 1077 orta
1474 1049 1552 1077 sunt
1580 1044 1668 1087 apud
1699 1046 1820 1078 Orien-

352 1102 434 1136 tales
457 1104 595 1146 cogitata
624 1103 664 1136 de
689 1103 788 1137 rebus
813 1103 949 1145 divinis,
983 1104 1022 1138 de
1046 1103 1133 1136 bono
1156 1114 1197 1136 ac
1219 1103 1307 1137 malo
1330 1102 1509 1146 principio,
1533 1102 1683 1144 ipsorum
1701 1102 1821 1134 dicun-

354 1165 410 1192 tur
443 1163 700 1203 φιλοσοφουμειιοι
716 1185 726 1201 ,
763 1166 796 1193 et
830 1161 866 1194 in
895 1161 1029 1194 historia
1064 1162 1211 1204 gentium
1248 1165 1467 1194 monumenta
1497 1163 1626 1202 ponunt
1660 1159 1819 1202 pueritiae

353 1206 597 1249 memorabilia:
1061 1225 1063 1227 ’

396 1271 641 1306 Adolescentiae
663 1275 796 1317 propria
824 1279 904 1307 sunt
932 1274 1050 1317 gloriae
1074 1273 1201 1316 studia,
1235 1275 1340 1318 pulcri
1365 1274 1540 1307 admiratio
1564 1279 1618 1314 et,
1642 1273 1730 1317 quod
1753 1273 1821 1306 ele-

353 1331 458 1373 gantia
481 1331 532 1364 vel
555 1341 753 1374 magnarum
783 1332 904 1365 virium
929 1331 1071 1364 efficacia
1096 1342 1131 1363 se
1156 1331 1385 1371 commendat,
1409 1329 1546 1362 bonum.
1594 1333 1699 1372 Supra
1717 1340 1822 1362 mun—

354 1387 435 1419 dum
456 1385 546 1419 hunc
567 1387 822 1430 adspectabilem
846 1388 888 1420 ad
913 1388 1005 1420 illum
1028 1386 1261 1430 intelligibilem
1280 1387 1342 1419 alte
1358 1392 1485 1429 spectat
1504 1387 1719 1430 animumque
1740 1387 1820 1419 tollit

353 1453 508 1488 generosa
529 1445 691 1486 juventus,
739 1446 868 1488 Magnis
885 1445 1011 1479 intenta
1030 1444 1185 1489 negotiis,
1209 1445 1339 1476 coelum
1355 1444 1465 1487 ipsum
1486 1444 1584 1486 petit,
1608 1453 1669 1476 nec
1688 1443 1822 1486 iuvenili

353 1502 466 1533 animo
488 1501 669 1544 quidquam
690 1506 739 1533 est
761 1501 915 1535 arduum.

395 1560 494 1590 Hanc
525 1557 763 1590 adolescentiae
784 1558 943 1600 indolem,
967 1558 1051 1591 haec
1074 1557 1182 1590 studia
1210 1558 1399 1591 evolverm1t
1418 1558 1539 1590 Graeci
1565 1563 1662 1600 atque
1690 1559 1820 1588 Roma.-

352 1615 407 1654 ni;
438 1625 502 1657 quo
533 1613 678 1654 sactum,
711 1619 748 1646 ut
776 1614 970 1658 philosopha
993 1617 1200 1647 Graecorum
1226 1615 1345 1657 placita
1376 1616 1522 1657 primum
1550 1619 1762 1648 versarentur
1785 1615 1818 1655 in

349 1671 449 1704 rebus
474 1671 585 1704 arduis
618 1677 715 1714 atque
743 1672 897 1712 occultis;
928 1678 965 1704 ut
995 1672 1214 1715 antiquissimi
1239 1673 1445 1704 Graecorum
1475 1670 1661 1714 philosophi
1692 1673 1820 1714 φύσικαι

352 1734 461 1761 essent
483 1739 522 1760 ac
543 1733 679 1770 poetae3
703 1734 740 1760 ut
762 1740 1027 1762 PYTIIAGORAS
1058 1729 1100 1762 ad
1126 1728 1337 1762 hannoniam
1359 1728 1525 1761 mnndum
1552 1738 1671 1761 canere
1693 1732 1821 1760 statue—

351 1790 401 1818 ret
413 1810 421 1826 ,
437 1794 602 1828 aureaque
621 1786 767 1817 carmine
784 1790 958 1829 praecepta
974 1784 1138 1825 traderet3
1161 1791 1199 1818 ut
1220 1786 1483 1818 PARMENI'DES
1500 1790 1532 1817 et
1553 1797 1618 1817 Em
1629 1796 1818 1817 cuARmns

349 1840 498 1874 versibus
516 1841 727 1884 philosophas
751 1842 972 1884 exprimerent
988 1842 1167 1875 sententias
1181 1869 1190 1885 ,
1215 1849 1246 1875 et
1271 1849 1437 1876 crescente
1464 1848 1571 1875 aetate
1587 1843 1622 1875 in
1643 1842 1818 1875 hominum

347 1898 648 1942 philosophantium
672 1905 802 1942 pectore
836 1899 958 1942 egregie
982 1908 1019 1929 se
1051 1899 1228 1942 explicaret
1253 1909 1370 1932 sensus
1394 1899 1549 1941 moralis,
1579 1908 1698 1932 sensus
1718 1898 1816 1940 boni,

348 1955 425 1997 justi
443 1959 473 1986 et
492 1955 607 1997 aequi:
631 1960 667 1986 ut
682 1955 821 1998 deniqne
843 1954 931 1997 apud
950 1957 1097 1987 Graecos
1121 1959 1309 2002 Φιλςκαλους
1327 1961 1406 1988 nata
1422 1956 1464 1988 sit
1478 1955 1683 1998 philosophia
1701 1965 1816 1986 mora—

345 2010 396 2042 lis.
442 2012 537 2051 Quae
554 2011 699 2052 primum
715 2011 864 2044 humano
884 2011 1009 2043 inclusa
1027 2013 1169 2054 pectori,
1188 2018 1338 2046 veterum
1355 2018 1548 2055 poetarum,
1564 2011 1795 2044 historicorum
1806 2035 1819 2052 ‚

345 2065 617 2110 legumlatorum‚
647 2073 837 2109 oratorum,
866 2068 1055 2110 sententiis,
1091 2074 1188 2113 atque
1214 2070 1435 2103 Oraculorum
1463 2070 1632 2113 responsis
1653 2075 1684 2102 et
1708 2069 1822 2101 consi-

1748 2125 1819 2166 liis,
