1961 2438
307 139 330 179 a
859 113 1215 153 SERIES

395 214 680 260 Trigonometriam
710 209 903 242 rectilineam
934 213 965 238 et
1001 203 1222 247 Sphaericam‚
1258 209 1317 230 nec
1343 208 1410 228 non
1438 195 1770 238 Polygonometriam,

438 270 624 312 applicatam
659 264 698 295 ad
717 262 974 297 Astronorniam‚
997 257 1183 289 Geodesiam
1200 260 1231 285 et
1256 259 1354 284 artem
1370 248 1558 293 navigandi.
1581 248 1698 280 diebus
1707 249 1771 280 Lu·

439 333 514 359 nae,
536 318 722 351 Mercuriiet
738 316 888 353 Veneris,
913 314 990 344 hora
1010 312 1032 343 1.
1450 344 1453 346 v

400 374 616 405 mechanicam
637 370 834 413 Analyticam
856 365 956 398 tradet
975 363 1086 395 diebus
1110 367 1141 392 et
1162 360 1249 391 horis
1269 358 1417 400 deinceps
1438 355 1625 388 iudicandis.

398 429 542 457 Veterem
567 425 741 455 Matheseos
774 419 936 451 historiam
961 418 1056 448 etiam
1074 423 1219 445 enarrare
1238 416 1365 454 paratus
1380 415 1435 441 est.

311 513 474 544 Lectiones
498 513 531 542 iu
560 509 786 542 Oeconomiam
805 506 954 539 Ruralem
973 502 1134 534 habendae
1157 506 1228 544 post
1249 497 1343 529 ferias
1365 495 1607 529 indicabuntur.

313 619 644 660 FACUL'PAS
697 615 937 655 PHILOS.
987 610 1217 649 THEOR.
1264 620 1318 644 ET
1367 605 1769 643 LlTEssARUM.

311 728 338 769 J.
371 727 411 759 H.
443 736 520 758 νΛΝ
554 735 631 757 DER
661 723 803 756 PALM
837 718 1085 753 Grammaticam
1108 713 1282 745 Hebraeam
1319 709 1467 749 docebit,
1504 708 1616 741 diebus
1646 711 1774 750 Lunae,

354 781 482 817 Martis,
506 777 676 814 Mercurii,
698 783 729 806 et
750 776 855 813 Jovis,
880 774 959 804 hora
978 771 1066 803 VlII.

400 832 615 873 Antiquitates
634 828 792 861 Hebraeas
810 825 990 863 enarrabit,
1014 821 1125 854 iisdem
1151 817 1264 849 diebus
1277 841 1285 856 ‚
1307 817 1385 848 hora
1402 817 1458 849 IX.

399 883 580 920 Oratoriae,
614 883 647 911 in
675 880 786 922 prImis
813 881 950 916 Sacrae,
983 879 1148 920 praecepta
1175 870 1293 908 tradet,
1329 868 1442 901 diebus
1464 869 1575 901 Martis
1604 877 1636 903 et
1667 872 1778 911 Jovss,

445 936 524 966 hora
544 936 567 966 Ι.

401 987 605 1020 Lectionibus
627 985 789 1017 Coranicis
810 982 954 1021 vacabit,
980 980 1093 1013 diebus
1117 978 1244 1016 MartiS,
1274 976 1353 1006 hora
1375 977 1451 1008 Vet
1468 977 1525 1009 VI.

319 1043 366 1076 M.
392 1038 735 1073 SIEGENBEEK
758 1037 942 1079 praecipuas
966 1035 1122 1065 Historiae
1140 1033 1260 1064 Patriae
1282 1029 1419 1073 epochas
1441 1030 1718 1064 observationibus
1737 1033 1776 1065 il.

362 1092 521 1130 lustrabit,
546 1093 658 1124 diebus
679 1093 804 1124 Lunae,
826 1087 955 1123 Martis,
980 1086 1133 1117 Mercurii
1156 1091 1187 1115 et
1209 1086 1315 1121 Jovis‚
1339 1082 1417 1113 hora
1438 1083 1523 1114 VIII.

404 1148 569 1188 Praecepta
597 1145 666 1176 Stili
688 1141 770 1174 bene
793 1139 910 1181 Belgici
933 1137 1050 1175 tradet,
1083 1137 1188 1169 addita
1215 1136 1426 1179 explicatione
1455 1136 1673 1179 Speciminum
1704 1139 1779 1171 Elo-

447 1199 594 1240 quentiae
616 1196 755 1238 Belgicae
778 1203 797 1222 a
818 1202 851 1222 se
867 1190 1045 1229 editorum,
1072 1190 1184 1221 iisdem
1206 1189 1334 1226 diebus,
1361 1188 1438 1219 hora
1454 1190 1528 1222 XII.

402 1251 578 1283 Literarum
602 1248 797 1290 Belgicarum
816 1243 923 1275 seculo
944 1242 1036 1274 XVII
1058 1242 1224 1274 historiam
1241 1241 1389 1273 Criticam
1412 1241 1536 1281 tradet,
1557 1241 1671 1274 diebus
1692 1244 1777 1275 Mer.

450 1304 531 1334 curii
547 1309 578 1333 et
593 1301 725 1333 Veneris
736 1322 744 1338 ,
769 1299 849 1329 hora
863 1298 889 1329 1.

409 1356 609 1388 Rhetoricam
629 1359 723 1396 atque
744 1351 959 1395 eloquentiam
981 1349 1141 1393 Belgicam
1161 1346 1307 1387 docebit,
1331 1347 1445 1380 diebus
1469 1350 1596 1389 Lunae,
1617 1349 1730 1381 Martis
1751 1355 1787 1381 et

450 1409 557 1447 Jovis,
582 1408 660 1439 hora
675 1407 701 1439 I.

406 1460 612 1501 Eloquentiae
628 1460 791 1491 exterioris
809 1457 967 1490 exercitiis
985 1455 1108 1489 vacabit
1124 1455 1176 1487 die
1191 1454 1328 1486 Veneris
1342 1477 1351 1493 ‚
1370 1455 1449 1487 hora
1470 1455 1522 1488 ΙΙΙ.

325 1515 376 1547 Μ.
403 1513 676 1545 TYDEMAN
706 1515 936 1555 Antiquitatem
967 1513 1143 1543 Romanam
1175 1513 1332 1550 exponet,
1355 1506 1468 1539 diebus
1499 1509 1625 1548 Lunae,
1653 1508 1785 1546 Martis,

368 1568 515 1597 Mercurii
540 1572 570 1596 et
601 1566 703 1602 Jovis,
731 1565 809 1595 hova
826 1566 897 1596 Xil.

325 1621 353 1662 J.
384 1619 522 1651 BAKE
560 1617 818 1659 interpretabitur
853 1616 1068 1659 Xenophontis
1100 1612 1327 1645 Memorabilia
1368 1613 1506 1644 Socratis
1535 1618 1567 1644 et
1593 1612 1788 1645 Homericae

373 1670 526 1712 Odysseae
545 1669 657 1700 lzbram
675 1671 734 1700 III
750 1677 784 1701 ει
795 1672 857 1709 IV,
881 1669 995 1700 diebus
1011 1670 1141 1704 Lunae,
1163 1666 1297 1705 Martis,
1315 1666 1466 1697 Mercurii
1486 1667 1632 1705 etJovis,
1656 1666 1734 1697 hora
1744 1667 1786 1698 X.

411 1726 449 1755 ln
480 1724 713 1765 provectiorum
742 1722 975 1764 discipulorum
1006 1721 1138 1764 gratiam
1172 1718 1316 1750 tractabit

414 1774 575 1817 Sophocles
604 1776 786 1807 Trachinius
810 1782 841 1806 et
868 1773 1010 1805 Platonis
1037 1773 1245 1811 Phaedrum,
1271 1772 1359 1803 horis
1378 1779 1451 1815 post
1472 1770 1716 1805 constituendis.

414 1829 569 1859 Ciceronis
589 1830 687 1861 libros
708 1829 748 1860 de
768 1829 905 1870 Officiis,
925 1834 957 1858 et
973 1825 1134 1859 Aeneidos
1151 1826 1339 1869 Virgilianae
1356 1825 1401 1858 lib
1422 1825 1477 1858 Vl.
1499 1823 1700 1867 explanabit,
1724 1822 1789 1854 die,

457 1879 517 1910 bus
537 1882 661 1920 Lunae,
685 1883 816 1920 Martis,
840 1881 992 1912 Mercurii
1014 1887 1044 1911 et
1067 1881 1174 1920 Jovis,
1197 1880 1274 1910 hora
1297 1879 1351 1910 IX.

418 1932 566 1965 Graeciae
589 1935 713 1965 Veteris
738 1937 793 1966 Jus
819 1933 1005 1970 Publicum,
1029 1932 1271 1975 praecipuarum
1293 1931 1460 1964 civitatum
1485 1929 1621 1962 formam
1651 1935 1791 1972 exponet

462 1984 574 2017 diebus
595 1987 705 2018 Martis
727 1993 758 2018 et
775 1986 880 2025 Jovis,
905 1984 987 2016 hora,
1002 1984 1025 2018 Ι.
1776 1968 1781 1974 .

1763 2059 1793 2091 L
