<?xml version="1.0" encoding="UTF-8"?>
<!DOCTYPE html PUBLIC "-//W3C//DTD XHTML 1.0 Transitional//EN"
    "http://www.w3.org/TR/xhtml1/DTD/xhtml1-transitional.dtd">
<html xmlns="http://www.w3.org/1999/xhtml" xml:lang="en" lang="en">
 <head>
  <title>
</title>
<meta http-equiv="Content-Type" content="text/html;charset=utf-8" />
  <meta name='ocr-system' content='tesseract 3.04.00' />
  <meta name='ocr-capabilities' content='ocr_page ocr_carea ocr_par ocr_line ocrx_word'/>
</head>
<body>
  <div class='ocr_page' id='page_1' title='image "annalesacademiae22rijk_0150.png"; bbox 0 0 1930 2448; ppageno 0'>
   <div class='ocr_carea' id='block_1_1' title="bbox 360 112 1423 154">
    <p class='ocr_par' dir='ltr' id='par_1_1' title="bbox 360 112 1423 154">
     <span class='ocr_line' id='line_1_1' title="bbox 360 112 1423 154; baseline 0.001 -11"><span class='ocrx_word' id='word_1_1' title='bbox 360 132 398 154; x_wconf 71' lang='lat'>,2</span> <span class='ocrx_word' id='word_1_2' title='bbox 774 117 887 149; x_wconf 65' lang='lat' dir='ltr'>ni.</span> <span class='ocrx_word' id='word_1_3' title='bbox 947 112 1423 146; x_wconf 71' lang='lat' dir='ltr'>uYLENssnoEK</span> 
     </span>
    </p>
   </div>
   <div class='ocr_carea' id='block_1_2' title="bbox 315 201 1834 2123">
    <p class='ocr_par' dir='ltr' id='par_1_2' title="bbox 315 201 1833 1100">
     <span class='ocr_line' id='line_1_2' title="bbox 357 201 1831 247; baseline -0.005 -6"><span class='ocrx_word' id='word_1_4' title='bbox 357 215 387 240; x_wconf 80' lang='lat' dir='ltr'>ta</span> <span class='ocrx_word' id='word_1_5' title='bbox 401 231 411 247; x_wconf 91' lang='lat'>,</span> <span class='ocrx_word' id='word_1_6' title='bbox 436 210 503 240; x_wconf 86' lang='lat' dir='ltr'>sive</span> <span class='ocrx_word' id='word_1_7' title='bbox 523 205 556 237; x_wconf 91' lang='lat' dir='ltr'>in</span> <span class='ocrx_word' id='word_1_8' title='bbox 579 214 692 237; x_wconf 87' lang='lat' dir='ltr'>eorum</span> <span class='ocrx_word' id='word_1_9' title='bbox 716 202 960 235; x_wconf 83' lang='lat' dir='ltr'>similitudinem</span> <span class='ocrx_word' id='word_1_10' title='bbox 979 202 1173 244; x_wconf 81' lang='lat' dir='ltr'>composita,</span> <span class='ocrx_word' id='word_1_11' title='bbox 1199 213 1280 244; x_wconf 88' lang='lat' dir='ltr'>quae</span> <span class='ocrx_word' id='word_1_12' title='bbox 1299 202 1411 233; x_wconf 84' lang='lat' dir='ltr'>Graeci</span> <span class='ocrx_word' id='word_1_13' title='bbox 1429 201 1643 245; x_wconf 80' lang='lat' dir='ltr'>reliquerant,</span> <span class='ocrx_word' id='word_1_14' title='bbox 1666 201 1831 244; x_wconf 67' lang='lat' dir='ltr'>antiquio*</span> 
     </span>
     <span class='ocr_line' id='line_1_3' title="bbox 357 258 1832 304; baseline -0.006 -7"><span class='ocrx_word' id='word_1_15' title='bbox 357 266 447 297; x_wconf 84' lang='lat' dir='ltr'>ribus</span> <span class='ocrx_word' id='word_1_16' title='bbox 472 270 534 296; x_wconf 86' lang='lat' dir='ltr'>tarn</span> <span class='ocrx_word' id='word_1_17' title='bbox 563 262 692 293; x_wconf 87' lang='lat' dir='ltr'>materia</span> <span class='ocrx_word' id='word_1_18' title='bbox 718 271 814 304; x_wconf 87' lang='lat' dir='ltr'>quam</span> <span class='ocrx_word' id='word_1_19' title='bbox 842 260 943 292; x_wconf 89' lang='lat' dir='ltr'>forma</span> <span class='ocrx_word' id='word_1_20' title='bbox 978 259 1081 290; x_wconf 88' lang='lat' dir='ltr'>multo</span> <span class='ocrx_word' id='word_1_21' title='bbox 1107 258 1202 289; x_wconf 83' lang='lat' dir='ltr'>fuisse</span> <span class='ocrx_word' id='word_1_22' title='bbox 1223 259 1459 301; x_wconf 76' lang='lat' dir='ltr'><strong>praestantiora.</strong></span> <span class='ocrx_word' id='word_1_23' title='bbox 1504 260 1699 290; x_wconf 87' lang='lat' dir='ltr'>Graecorum</span> <span class='ocrx_word' id='word_1_24' title='bbox 1716 267 1832 300; x_wconf 85' lang='lat' dir='ltr'><strong>nempe</strong></span> 
     </span>
     <span class='ocr_line' id='line_1_4' title="bbox 355 316 1828 361; baseline -0.004 -8"><span class='ocrx_word' id='word_1_25' title='bbox 355 324 566 353; x_wconf 87' lang='lat' dir='ltr'>instrumenta</span> <span class='ocrx_word' id='word_1_26' title='bbox 590 330 607 350; x_wconf 93' lang='lat' dir='ltr'>e</span> <span class='ocrx_word' id='word_1_27' title='bbox 628 318 717 361; x_wconf 88' lang='lat' dir='ltr'>ligno</span> <span class='ocrx_word' id='word_1_28' title='bbox 746 317 843 349; x_wconf 78' lang='lat' dir='ltr'>fuisse</span> <span class='ocrx_word' id='word_1_29' title='bbox 870 316 1012 348; x_wconf 82' lang='lat' dir='ltr'>confecta</span> <span class='ocrx_word' id='word_1_30' title='bbox 1038 323 1069 347; x_wconf 87' lang='lat' dir='ltr'>et</span> <span class='ocrx_word' id='word_1_31' title='bbox 1094 316 1215 359; x_wconf 79' lang='lat' dir='ltr'>aliquot</span> <span class='ocrx_word' id='word_1_32' title='bbox 1240 316 1392 360; x_wconf 88' lang='lat' dir='ltr'>pollicum</span> <span class='ocrx_word' id='word_1_33' title='bbox 1412 316 1664 359; x_wconf 77' lang='lat' dir='ltr'><strong>magnitudinem</strong></span> <span class='ocrx_word' id='word_1_34' title='bbox 1686 327 1754 347; x_wconf 90' lang='lat' dir='ltr'>non</span> <span class='ocrx_word' id='word_1_35' title='bbox 1774 326 1828 347; x_wconf 77' lang='lat' dir='ltr'>ex-</span> 
     </span>
     <span class='ocr_line' id='line_1_5' title="bbox 361 372 1833 418; baseline -0.003 -10"><span class='ocrx_word' id='word_1_36' title='bbox 361 378 493 408; x_wconf 78' lang='lat' dir='ltr'>cessisse</span> <span class='ocrx_word' id='word_1_37' title='bbox 518 375 712 418; x_wconf 79' lang='lat' dir='ltr'>reperimu53</span> <span class='ocrx_word' id='word_1_38' title='bbox 745 374 831 417; x_wconf 84' lang='lat' dir='ltr'>apud</span> <span class='ocrx_word' id='word_1_39' title='bbox 869 372 1047 405; x_wconf 88' lang='lat' dir='ltr'>Orientales</span> <span class='ocrx_word' id='word_1_40' title='bbox 1076 383 1171 406; x_wconf 76' lang='lat' dir='ltr'>vero,</span> <span class='ocrx_word' id='word_1_41' title='bbox 1205 383 1284 415; x_wconf 88' lang='lat' dir='ltr'>quas</span> <span class='ocrx_word' id='word_1_42' title='bbox 1316 372 1457 404; x_wconf 81' lang='lat' dir='ltr'>diximus</span> <span class='ocrx_word' id='word_1_43' title='bbox 1476 396 1484 410; x_wconf 95' lang='lat'>‚</span> <span class='ocrx_word' id='word_1_44' title='bbox 1515 379 1645 415; x_wconf 84' lang='lat' dir='ltr'>gentes,</span> <span class='ocrx_word' id='word_1_45' title='bbox 1674 372 1785 404; x_wconf 84' lang='lat' dir='ltr'>eadem</span> <span class='ocrx_word' id='word_1_46' title='bbox 1813 383 1833 403; x_wconf 89' lang='lat' dir='ltr'>e</span> 
     </span>
     <span class='ocr_line' id='line_1_6' title="bbox 359 428 1830 472; baseline -0.003 -9"><span class='ocrx_word' id='word_1_47' title='bbox 359 434 455 465; x_wconf 85' lang='lat' dir='ltr'>variis</span> <span class='ocrx_word' id='word_1_48' title='bbox 480 438 663 464; x_wconf 85' lang='lat' dir='ltr'>constructa</span> <span class='ocrx_word' id='word_1_49' title='bbox 691 430 843 467; x_wconf 84' lang='lat' dir='ltr'>metallis,</span> <span class='ocrx_word' id='word_1_50' title='bbox 880 429 1004 471; x_wconf 82' lang='lat' dir='ltr'>saepius</span> <span class='ocrx_word' id='word_1_51' title='bbox 1040 429 1182 471; x_wconf 87' lang='lat' dir='ltr'>plurium</span> <span class='ocrx_word' id='word_1_52' title='bbox 1210 429 1328 472; x_wconf 81' lang='lat' dir='ltr'>pedum</span> <span class='ocrx_word' id='word_1_53' title='bbox 1356 429 1591 460; x_wconf 86' lang='lat' dir='ltr'>dimensionem</span> <span class='ocrx_word' id='word_1_54' title='bbox 1618 429 1757 471; x_wconf 83' lang='lat' dir='ltr'>attigisse</span> <span class='ocrx_word' id='word_1_55' title='bbox 1783 428 1830 459; x_wconf 90' lang='lat' dir='ltr'>vi-</span> 
     </span>
     <span class='ocr_line' id='line_1_7' title="bbox 354 483 1829 532; baseline -0.005 -10"><span class='ocrx_word' id='word_1_56' title='bbox 354 490 480 522; x_wconf 78' lang='lat' dir='ltr'>demus.</span> <span class='ocrx_word' id='word_1_57' title='bbox 535 492 646 532; x_wconf 86' lang='lat' dir='ltr'>Neque</span> <span class='ocrx_word' id='word_1_58' title='bbox 679 489 763 520; x_wconf 87' lang='lat' dir='ltr'>hanc</span> <span class='ocrx_word' id='word_1_59' title='bbox 797 488 887 531; x_wconf 84' lang='lat' dir='ltr'>parvi</span> <span class='ocrx_word' id='word_1_60' title='bbox 916 486 1072 517; x_wconf 83' lang='lat' dir='ltr'>momenti</span> <span class='ocrx_word' id='word_1_61' title='bbox 1102 497 1170 517; x_wconf 87' lang='lat' dir='ltr'>rem</span> <span class='ocrx_word' id='word_1_62' title='bbox 1205 496 1273 516; x_wconf 85' lang='lat' dir='ltr'>esse</span> <span class='ocrx_word' id='word_1_63' title='bbox 1299 485 1482 529; x_wconf 78' lang='lat' dir='ltr'>apparebit,</span> <span class='ocrx_word' id='word_1_64' title='bbox 1512 486 1561 525; x_wconf 84' lang='lat' dir='ltr'>si,</span> <span class='ocrx_word' id='word_1_65' title='bbox 1596 484 1676 527; x_wconf 89' lang='lat' dir='ltr'>quid</span> <span class='ocrx_word' id='word_1_66' title='bbox 1709 483 1829 527; x_wconf 86' lang='lat' dir='ltr'>singuli</span> 
     </span>
     <span class='ocr_line' id='line_1_8' title="bbox 356 542 1827 588; baseline -0.004 -10"><span class='ocrx_word' id='word_1_67' title='bbox 356 547 423 578; x_wconf 89' lang='lat' dir='ltr'>suis</span> <span class='ocrx_word' id='word_1_68' title='bbox 440 546 662 578; x_wconf 73' lang='lat' dir='ltr'>instrumentis</span> <span class='ocrx_word' id='word_1_69' title='bbox 681 544 914 588; x_wconf 80' lang='lat' dir='ltr'>praestiterint,</span> <span class='ocrx_word' id='word_1_70' title='bbox 939 543 1155 585; x_wconf 86' lang='lat' dir='ltr'>inquiramus;</span> <span class='ocrx_word' id='word_1_71' title='bbox 1180 542 1399 586; x_wconf 86' lang='lat' dir='ltr'>Hipparchum</span> <span class='ocrx_word' id='word_1_72' title='bbox 1424 543 1511 574; x_wconf 87' lang='lat' dir='ltr'>enim</span> <span class='ocrx_word' id='word_1_73' title='bbox 1537 549 1567 574; x_wconf 91' lang='lat' dir='ltr'>et</span> <span class='ocrx_word' id='word_1_74' title='bbox 1591 542 1827 579; x_wconf 82' lang='lat' dir='ltr'>Ptolemaeum,</span> 
     </span>
     <span class='ocr_line' id='line_1_9' title="bbox 315 598 1830 646; baseline -0.003 -12"><span class='ocrx_word' id='word_1_75' title='bbox 315 639 317 641; x_wconf 27' lang='lat'>¹</span> <span class='ocrx_word' id='word_1_76' title='bbox 354 610 391 634; x_wconf 87' lang='lat' dir='ltr'>ut</span> <span class='ocrx_word' id='word_1_77' title='bbox 420 603 561 646; x_wconf 88' lang='lat' dir='ltr'>reliquos</span> <span class='ocrx_word' id='word_1_78' title='bbox 591 610 759 634; x_wconf 83' lang='lat' dir='ltr'>taceamus</span> <span class='ocrx_word' id='word_1_79' title='bbox 787 603 945 640; x_wconf 89' lang='lat' dir='ltr'>Graecos,</span> <span class='ocrx_word' id='word_1_80' title='bbox 969 599 1093 642; x_wconf 79' lang='lat' dir='ltr'>aliquot</span> <span class='ocrx_word' id='word_1_81' title='bbox 1117 600 1316 631; x_wconf 88' lang='lat' dir='ltr'>minutorum</span> <span class='ocrx_word' id='word_1_82' title='bbox 1337 599 1433 642; x_wconf 89' lang='lat' dir='ltr'>primi</span> <span class='ocrx_word' id='word_1_83' title='bbox 1455 598 1577 632; x_wconf 83' lang='lat' dir='ltr'>ordinis</span> <span class='ocrx_word' id='word_1_84' title='bbox 1608 609 1730 630; x_wconf 88' lang='lat' dir='ltr'>errores</span> <span class='ocrx_word' id='word_1_85' title='bbox 1749 609 1830 629; x_wconf 82' lang='lat' dir='ltr'>neu·</span> 
     </span>
     <span class='ocr_line' id='line_1_10' title="bbox 356 655 1828 702; baseline -0.003 -12"><span class='ocrx_word' id='word_1_86' title='bbox 356 663 478 702; x_wconf 88' lang='lat' dir='ltr'>tiquam</span> <span class='ocrx_word' id='word_1_87' title='bbox 505 662 636 691; x_wconf 78' lang='lat' dir='ltr'>evitasse</span> <span class='ocrx_word' id='word_1_88' title='bbox 665 658 886 694; x_wconf 82' lang='lat' dir='ltr'>inveniemus,</span> <span class='ocrx_word' id='word_1_89' title='bbox 926 662 957 686; x_wconf 85' lang='lat' dir='ltr'>at</span> <span class='ocrx_word' id='word_1_90' title='bbox 984 655 1028 687; x_wconf 88' lang='lat' dir='ltr'>Al</span> <span class='ocrx_word' id='word_1_91' title='bbox 1057 657 1266 697; x_wconf 85' lang='lat' dir='ltr'>Bategnium,</span> <span class='ocrx_word' id='word_1_92' title='bbox 1301 655 1361 686; x_wconf 90' lang='lat' dir='ltr'>lbn</span> <span class='ocrx_word' id='word_1_93' title='bbox 1386 657 1608 693; x_wconf 89' lang='lat' dir='ltr'>Younesium,</span> <span class='ocrx_word' id='word_1_94' title='bbox 1643 655 1828 687; x_wconf 75' lang='lat' dir='ltr'>Nasireddi‘-</span> 
     </span>
     <span class='ocr_line' id='line_1_11' title="bbox 352 711 1829 758; baseline -0.005 -9"><span class='ocrx_word' id='word_1_95' title='bbox 352 728 432 748; x_wconf 85' lang='lat' dir='ltr'>num</span> <span class='ocrx_word' id='word_1_96' title='bbox 455 724 486 748; x_wconf 87' lang='lat' dir='ltr'>et</span> <span class='ocrx_word' id='word_1_97' title='bbox 505 717 590 758; x_wconf 84' lang='lat' dir='ltr'>Ulug</span> <span class='ocrx_word' id='word_1_98' title='bbox 619 719 761 758; x_wconf 80' lang='lat' dir='ltr'>Regum,</span> <span class='ocrx_word' id='word_1_99' title='bbox 792 725 864 746; x_wconf 88' lang='lat' dir='ltr'>suas</span> <span class='ocrx_word' id='word_1_100' title='bbox 885 712 1124 744; x_wconf 87' lang='lat' dir='ltr'>observationes</span> <span class='ocrx_word' id='word_1_101' title='bbox 1151 711 1190 742; x_wconf 82' lang='lat' dir='ltr'>ad</span> <span class='ocrx_word' id='word_1_102' title='bbox 1222 711 1353 743; x_wconf 82' lang='lat' dir='ltr'>secundi</span> <span class='ocrx_word' id='word_1_103' title='bbox 1375 712 1498 743; x_wconf 77' lang='lat' dir='ltr'>ordinis</span> <span class='ocrx_word' id='word_1_104' title='bbox 1523 713 1648 742; x_wconf 85' lang='lat' dir='ltr'>minuta</span> <span class='ocrx_word' id='word_1_105' title='bbox 1673 712 1760 743; x_wconf 88' lang='lat' dir='ltr'>haud</span> <span class='ocrx_word' id='word_1_106' title='bbox 1780 723 1829 743; x_wconf 85' lang='lat' dir='ltr'>ra·</span> 
     </span>
     <span class='ocr_line' id='line_1_12' title="bbox 355 764 1828 813; baseline -0.003 -9"><span class='ocrx_word' id='word_1_107' title='bbox 355 785 393 804; x_wconf 86' lang='lat' dir='ltr'>ro</span> <span class='ocrx_word' id='word_1_108' title='bbox 418 773 609 804; x_wconf 84' lang='lat' dir='ltr'>definivisse.</span> <span class='ocrx_word' id='word_1_109' title='bbox 663 775 805 803; x_wconf 87' lang='lat' dir='ltr'>Fuerunt</span> <span class='ocrx_word' id='word_1_110' title='bbox 829 781 960 813; x_wconf 86' lang='lat' dir='ltr'>quoque</span> <span class='ocrx_word' id='word_1_111' title='bbox 986 764 1080 800; x_wconf 80' lang='lat' dir='ltr'>multi</span> <span class='ocrx_word' id='word_1_112' title='bbox 1104 768 1190 811; x_wconf 88' lang='lat' dir='ltr'>apud</span> <span class='ocrx_word' id='word_1_113' title='bbox 1212 768 1405 806; x_wconf 89' lang='lat' dir='ltr'>Orientales,</span> <span class='ocrx_word' id='word_1_114' title='bbox 1447 770 1504 812; x_wconf 91' lang='lat' dir='ltr'>qui</span> <span class='ocrx_word' id='word_1_115' title='bbox 1533 770 1745 800; x_wconf 83' lang='lat' dir='ltr'>astronomica</span> <span class='ocrx_word' id='word_1_116' title='bbox 1777 770 1828 800; x_wconf 88' lang='lat' dir='ltr'>in-</span> 
     </span>
     <span class='ocr_line' id='line_1_13' title="bbox 359 825 1827 871; baseline -0.003 -10"><span class='ocrx_word' id='word_1_117' title='bbox 359 836 536 861; x_wconf 88' lang='lat' dir='ltr'>strumenta</span> <span class='ocrx_word' id='word_1_118' title='bbox 557 828 732 860; x_wconf 83' lang='lat' dir='ltr'>fabricandi</span> <span class='ocrx_word' id='word_1_119' title='bbox 752 835 849 860; x_wconf 89' lang='lat' dir='ltr'>artem</span> <span class='ocrx_word' id='word_1_120' title='bbox 869 827 1115 871; x_wconf 81' lang='lat' dir='ltr'>profiterentur,</span> <span class='ocrx_word' id='word_1_121' title='bbox 1143 836 1206 869; x_wconf 91' lang='lat' dir='ltr'>qua</span> <span class='ocrx_word' id='word_1_122' title='bbox 1223 837 1290 858; x_wconf 90' lang='lat' dir='ltr'>non</span> <span class='ocrx_word' id='word_1_123' title='bbox 1313 833 1435 857; x_wconf 88' lang='lat' dir='ltr'>tantum</span> <span class='ocrx_word' id='word_1_124' title='bbox 1460 825 1663 868; x_wconf 80' lang='lat' dir='ltr'>sibimetipsis</span> <span class='ocrx_word' id='word_1_125' title='bbox 1683 826 1804 857; x_wconf 89' lang='lat' dir='ltr'>victum</span> <span class='ocrx_word' id='word_1_126' title='bbox 1817 849 1827 865; x_wconf 90' lang='lat'>,</span> 
     </span>
     <span class='ocr_line' id='line_1_14' title="bbox 358 882 1826 929; baseline -0.002 -12"><span class='ocrx_word' id='word_1_127' title='bbox 358 886 564 929; x_wconf 83' lang='lat' dir='ltr'>nominisque</span> <span class='ocrx_word' id='word_1_128' title='bbox 582 885 798 917; x_wconf 80' lang='lat' dir='ltr'>celebritatem</span> <span class='ocrx_word' id='word_1_129' title='bbox 814 884 1006 928; x_wconf 84' lang='lat' dir='ltr'>quaesivisse</span> <span class='ocrx_word' id='word_1_130' title='bbox 1019 882 1168 926; x_wconf 77' lang='lat' dir='ltr'>censendi</span> <span class='ocrx_word' id='word_1_131' title='bbox 1188 890 1282 922; x_wconf 86' lang='lat' dir='ltr'>sunt,</span> <span class='ocrx_word' id='word_1_132' title='bbox 1298 884 1352 915; x_wconf 91' lang='lat' dir='ltr'>sed</span> <span class='ocrx_word' id='word_1_133' title='bbox 1371 884 1465 914; x_wconf 86' lang='lat' dir='ltr'>etiam</span> <span class='ocrx_word' id='word_1_134' title='bbox 1484 882 1683 925; x_wconf 86' lang='lat' dir='ltr'>aliquantum</span> <span class='ocrx_word' id='word_1_135' title='bbox 1702 883 1742 914; x_wconf 86' lang='lat' dir='ltr'>ad</span> <span class='ocrx_word' id='word_1_136' title='bbox 1765 885 1826 915; x_wconf 89' lang='lat' dir='ltr'>As·</span> 
     </span>
     <span class='ocr_line' id='line_1_15' title="bbox 356 938 1827 987; baseline -0.002 -13"><span class='ocrx_word' id='word_1_137' title='bbox 356 944 549 974; x_wconf 83' lang='lat' dir='ltr'>trouomiam</span> <span class='ocrx_word' id='word_1_138' title='bbox 573 944 825 987; x_wconf 85' lang='lat' dir='ltr'>promovendam</span> <span class='ocrx_word' id='word_1_139' title='bbox 845 942 1035 979; x_wconf 86' lang='lat' dir='ltr'>contulisse,</span> <span class='ocrx_word' id='word_1_140' title='bbox 1064 951 1138 971; x_wconf 90' lang='lat' dir='ltr'>cum</span> <span class='ocrx_word' id='word_1_141' title='bbox 1163 945 1246 970; x_wconf 79' lang='lat' dir='ltr'>certe</span> <span class='ocrx_word' id='word_1_142' title='bbox 1270 940 1337 970; x_wconf 89' lang='lat' dir='ltr'>i-stis</span> <span class='ocrx_word' id='word_1_143' title='bbox 1361 938 1548 970; x_wconf 86' lang='lat' dir='ltr'>hominibus</span> <span class='ocrx_word' id='word_1_144' title='bbox 1573 939 1743 970; x_wconf 87' lang='lat' dir='ltr'>aemulatio</span> <span class='ocrx_word' id='word_1_145' title='bbox 1768 941 1827 971; x_wconf 81' lang='lat' dir='ltr'>sri-</span> 
     </span>
     <span class='ocr_line' id='line_1_16' title="bbox 359 996 1823 1040; baseline -0.001 -10"><span class='ocrx_word' id='word_1_146' title='bbox 359 999 465 1031; x_wconf 87' lang='lat' dir='ltr'>mulos</span> <span class='ocrx_word' id='word_1_147' title='bbox 483 1000 659 1039; x_wconf 83' lang='lat' dir='ltr'>addiderit,</span> <span class='ocrx_word' id='word_1_148' title='bbox 683 1006 718 1031; x_wconf 91' lang='lat' dir='ltr'>ut</span> <span class='ocrx_word' id='word_1_149' title='bbox 737 1001 771 1031; x_wconf 89' lang='lat' dir='ltr'>in</span> <span class='ocrx_word' id='word_1_150' title='bbox 795 998 985 1031; x_wconf 83' lang='lat' dir='ltr'>fabricandis</span> <span class='ocrx_word' id='word_1_151' title='bbox 1006 998 1226 1030; x_wconf 85' lang='lat' dir='ltr'>instrumentis</span> <span class='ocrx_word' id='word_1_152' title='bbox 1248 1008 1424 1036; x_wconf 83' lang='lat' dir='ltr'>summam,</span> <span class='ocrx_word' id='word_1_153' title='bbox 1452 1007 1548 1040; x_wconf 84' lang='lat' dir='ltr'>quam</span> <span class='ocrx_word' id='word_1_154' title='bbox 1569 1003 1713 1039; x_wconf 84' lang='lat' dir='ltr'>possent,</span> <span class='ocrx_word' id='word_1_155' title='bbox 1733 996 1823 1029; x_wconf 76' lang='lat' dir='ltr'>adhi-</span> 
     </span>
     <span class='ocr_line' id='line_1_17' title="bbox 355 1055 906 1100; baseline 0.005 -13"><span class='ocrx_word' id='word_1_156' title='bbox 355 1055 469 1087; x_wconf 81' lang='lat' dir='ltr'>berent</span> <span class='ocrx_word' id='word_1_157' title='bbox 492 1067 601 1088; x_wconf 88' lang='lat' dir='ltr'>curam</span> <span class='ocrx_word' id='word_1_158' title='bbox 630 1063 725 1100; x_wconf 84' lang='lat' dir='ltr'>atque</span> <span class='ocrx_word' id='word_1_159' title='bbox 741 1058 906 1091; x_wconf 82' lang='lat' dir='ltr'>cautelam.</span> 
     </span>
    </p>

    <p class='ocr_par' dir='ltr' id='par_1_3' title="bbox 355 1112 1832 1946">
     <span class='ocr_line' id='line_1_18' title="bbox 399 1112 1823 1160; baseline 0.001 -17"><span class='ocrx_word' id='word_1_160' title='bbox 399 1115 531 1144; x_wconf 86' lang='lat' dir='ltr'>Brevem</span> <span class='ocrx_word' id='word_1_161' title='bbox 567 1113 712 1153; x_wconf 82' lang='lat' dir='ltr'>habetis,</span> <span class='ocrx_word' id='word_1_162' title='bbox 754 1116 797 1148; x_wconf 86' lang='lat' dir='ltr'>A.</span> <span class='ocrx_word' id='word_1_163' title='bbox 813 1117 854 1147; x_wconf 93' lang='lat' dir='ltr'>A.</span> <span class='ocrx_word' id='word_1_164' title='bbox 890 1122 922 1146; x_wconf 89' lang='lat' dir='ltr'>et</span> <span class='ocrx_word' id='word_1_165' title='bbox 961 1115 1152 1148; x_wconf 84' lang='lat' dir='ltr'>concinnam</span> <span class='ocrx_word' id='word_1_166' title='bbox 1195 1115 1428 1160; x_wconf 80' lang='lat' dir='ltr'>expositionem</span> <span class='ocrx_word' id='word_1_167' title='bbox 1471 1124 1582 1146; x_wconf 88' lang='lat' dir='ltr'>eorum</span> <span class='ocrx_word' id='word_1_168' title='bbox 1632 1112 1823 1146; x_wconf 84' lang='lat' dir='ltr'>observandi</span> 
     </span>
     <span class='ocr_line' id='line_1_19' title="bbox 357 1168 1826 1215; baseline 0.002 -15"><span class='ocrx_word' id='word_1_169' title='bbox 357 1168 593 1209; x_wconf 85' lang='lat' dir='ltr'>subsidiorum,</span> <span class='ocrx_word' id='word_1_170' title='bbox 630 1182 711 1213; x_wconf 86' lang='lat' dir='ltr'>quae</span> <span class='ocrx_word' id='word_1_171' title='bbox 749 1171 856 1202; x_wconf 86' lang='lat' dir='ltr'>Medio</span> <span class='ocrx_word' id='word_1_172' title='bbox 890 1172 978 1203; x_wconf 86' lang='lat' dir='ltr'>Aevo</span> <span class='ocrx_word' id='word_1_173' title='bbox 1015 1179 1274 1205; x_wconf 79' lang='lat' dir='ltr'>astronomorum</span> <span class='ocrx_word' id='word_1_174' title='bbox 1306 1173 1516 1205; x_wconf 81' lang='lat' dir='ltr'>Orientalium</span> <span class='ocrx_word' id='word_1_175' title='bbox 1542 1183 1672 1215; x_wconf 86' lang='lat' dir='ltr'>operam</span> <span class='ocrx_word' id='word_1_176' title='bbox 1695 1171 1826 1215; x_wconf 85' lang='lat' dir='ltr'>adjuva-</span> 
     </span>
     <span class='ocr_line' id='line_1_20' title="bbox 357 1226 1826 1272; baseline 0.002 -16"><span class='ocrx_word' id='word_1_177' title='bbox 357 1233 435 1256; x_wconf 80' lang='lat' dir='ltr'>runt</span> <span class='ocrx_word' id='word_1_178' title='bbox 459 1233 489 1257; x_wconf 89' lang='lat' dir='ltr'>et</span> <span class='ocrx_word' id='word_1_179' title='bbox 519 1226 747 1266; x_wconf 85' lang='lat' dir='ltr'>sublevarunt‚</span> <span class='ocrx_word' id='word_1_180' title='bbox 770 1235 801 1259; x_wconf 90' lang='lat' dir='ltr'>et</span> <span class='ocrx_word' id='word_1_181' title='bbox 833 1239 915 1271; x_wconf 88' lang='lat' dir='ltr'>quae</span> <span class='ocrx_word' id='word_1_182' title='bbox 948 1230 1033 1260; x_wconf 82' lang='lat' dir='ltr'>viam</span> <span class='ocrx_word' id='word_1_183' title='bbox 1073 1231 1150 1272; x_wconf 88' lang='lat' dir='ltr'>ipsis</span> <span class='ocrx_word' id='word_1_184' title='bbox 1175 1229 1348 1261; x_wconf 69' lang='lat' dir='ltr'>effecerunt</span> <span class='ocrx_word' id='word_1_185' title='bbox 1374 1229 1550 1271; x_wconf 86' lang='lat' dir='ltr'>planiorem</span> <span class='ocrx_word' id='word_1_186' title='bbox 1576 1235 1607 1260; x_wconf 89' lang='lat' dir='ltr'>et</span> <span class='ocrx_word' id='word_1_187' title='bbox 1632 1228 1826 1268; x_wconf 85' lang='lat' dir='ltr'>faciliorem,</span> 
     </span>
     <span class='ocr_line' id='line_1_21' title="bbox 360 1283 1830 1329; baseline 0.003 -17"><span class='ocrx_word' id='word_1_188' title='bbox 360 1292 422 1322; x_wconf 83' lang='lat' dir='ltr'>qua</span> <span class='ocrx_word' id='word_1_189' title='bbox 447 1289 514 1314; x_wconf 87' lang='lat' dir='ltr'>tute</span> <span class='ocrx_word' id='word_1_190' title='bbox 542 1290 573 1314; x_wconf 89' lang='lat' dir='ltr'>et</span> <span class='ocrx_word' id='word_1_191' title='bbox 604 1283 745 1315; x_wconf 84' lang='lat' dir='ltr'>celeriter</span> <span class='ocrx_word' id='word_1_192' title='bbox 771 1284 811 1315; x_wconf 89' lang='lat' dir='ltr'>ad</span> <span class='ocrx_word' id='word_1_193' title='bbox 835 1285 998 1317; x_wconf 88' lang='lat' dir='ltr'>coelorum</span> <span class='ocrx_word' id='word_1_194' title='bbox 1026 1287 1172 1318; x_wconf 89' lang='lat' dir='ltr'>intimam</span> <span class='ocrx_word' id='word_1_195' title='bbox 1205 1287 1423 1329; x_wconf 84' lang='lat' dir='ltr'>cognitionem</span> <span class='ocrx_word' id='word_1_196' title='bbox 1459 1287 1675 1329; x_wconf 86' lang='lat' dir='ltr'>pervenirent.</span> <span class='ocrx_word' id='word_1_197' title='bbox 1721 1288 1830 1328; x_wconf 83' lang='lat' dir='ltr'>Atque</span> 
     </span>
     <span class='ocr_line' id='line_1_22' title="bbox 358 1336 1824 1385; baseline 0.003 -18"><span class='ocrx_word' id='word_1_198' title='bbox 358 1336 442 1368; x_wconf 86' lang='lat' dir='ltr'>hanc</span> <span class='ocrx_word' id='word_1_199' title='bbox 477 1338 619 1380; x_wconf 84' lang='lat' dir='ltr'>profecto</span> <span class='ocrx_word' id='word_1_200' title='bbox 644 1340 728 1370; x_wconf 84' lang='lat' dir='ltr'>viam</span> <span class='ocrx_word' id='word_1_201' title='bbox 763 1350 892 1372; x_wconf 85' lang='lat' dir='ltr'>summo</span> <span class='ocrx_word' id='word_1_202' title='bbox 923 1341 1036 1373; x_wconf 87' lang='lat' dir='ltr'>ardore</span> <span class='ocrx_word' id='word_1_203' title='bbox 1063 1341 1197 1385; x_wconf 83' lang='lat' dir='ltr'>ingressi</span> <span class='ocrx_word' id='word_1_204' title='bbox 1227 1349 1324 1381; x_wconf 90' lang='lat' dir='ltr'>sunt,</span> <span class='ocrx_word' id='word_1_205' title='bbox 1357 1352 1570 1385; x_wconf 82' lang='lat' dir='ltr'>magnamque</span> <span class='ocrx_word' id='word_1_206' title='bbox 1603 1342 1672 1384; x_wconf 83' lang='lat' dir='ltr'>ejus</span> <span class='ocrx_word' id='word_1_207' title='bbox 1701 1347 1824 1384; x_wconf 82' lang='lat' dir='ltr'>partem</span> 
     </span>
     <span class='ocr_line' id='line_1_23' title="bbox 356 1393 1825 1442; baseline 0.003 -19"><span class='ocrx_word' id='word_1_208' title='bbox 356 1393 468 1424; x_wconf 86' lang='lat' dir='ltr'>eodem</span> <span class='ocrx_word' id='word_1_209' title='bbox 499 1397 598 1425; x_wconf 86' lang='lat' dir='ltr'>animi</span> <span class='ocrx_word' id='word_1_210' title='bbox 626 1394 750 1426; x_wconf 83' lang='lat' dir='ltr'>fervore</span> <span class='ocrx_word' id='word_1_211' title='bbox 781 1396 998 1430; x_wconf 83' lang='lat' dir='ltr'>absolverunt.</span> <span class='ocrx_word' id='word_1_212' title='bbox 1045 1400 1125 1430; x_wconf 87' lang='lat' dir='ltr'>Nam</span> <span class='ocrx_word' id='word_1_213' title='bbox 1158 1400 1305 1442; x_wconf 86' lang='lat' dir='ltr'>quamvis</span> <span class='ocrx_word' id='word_1_214' title='bbox 1332 1399 1497 1430; x_wconf 81' lang='lat' dir='ltr'>fatendum</span> <span class='ocrx_word' id='word_1_215' title='bbox 1524 1404 1589 1435; x_wconf 84' lang='lat' dir='ltr'>est,</span> <span class='ocrx_word' id='word_1_216' title='bbox 1622 1409 1726 1435; x_wconf 79' lang='lat' dir='ltr'>nova,</span> <span class='ocrx_word' id='word_1_217' title='bbox 1751 1399 1825 1441; x_wconf 89' lang='lat' dir='ltr'>qui-</span> 
     </span>
     <span class='ocr_line' id='line_1_24' title="bbox 356 1449 1824 1498; baseline 0.003 -18"><span class='ocrx_word' id='word_1_218' title='bbox 356 1449 418 1481; x_wconf 63' lang='lat' dir='ltr'>lius</span> <span class='ocrx_word' id='word_1_219' title='bbox 452 1450 534 1482; x_wconf 85' lang='lat' dir='ltr'>hanc</span> <span class='ocrx_word' id='word_1_220' title='bbox 557 1452 759 1495; x_wconf 80' lang='lat' dir='ltr'>disciplinam</span> <span class='ocrx_word' id='word_1_221' title='bbox 789 1461 947 1485; x_wconf 86' lang='lat' dir='ltr'>auxerunt</span> <span class='ocrx_word' id='word_1_222' title='bbox 979 1455 1176 1494; x_wconf 86' lang='lat' dir='ltr'>Orientales,</span> <span class='ocrx_word' id='word_1_223' title='bbox 1214 1466 1315 1498; x_wconf 88' lang='lat' dir='ltr'>pauca</span> <span class='ocrx_word' id='word_1_224' title='bbox 1338 1455 1454 1494; x_wconf 82' lang='lat' dir='ltr'>fuisse,</span> <span class='ocrx_word' id='word_1_225' title='bbox 1487 1465 1605 1498; x_wconf 86' lang='lat' dir='ltr'>eosque</span> <span class='ocrx_word' id='word_1_226' title='bbox 1638 1454 1824 1492; x_wconf 84' lang='lat' dir='ltr'>Ptolemaei,</span> 
     </span>
     <span class='ocr_line' id='line_1_25' title="bbox 357 1505 1823 1553; baseline 0.005 -17"><span class='ocrx_word' id='word_1_227' title='bbox 357 1505 558 1549; x_wconf 85' lang='lat' dir='ltr'>aliorumque</span> <span class='ocrx_word' id='word_1_228' title='bbox 589 1510 784 1540; x_wconf 84' lang='lat' dir='ltr'>Graecorum</span> <span class='ocrx_word' id='word_1_229' title='bbox 817 1510 1049 1553; x_wconf 85' lang='lat' dir='ltr'>hypothesibus</span> <span class='ocrx_word' id='word_1_230' title='bbox 1069 1513 1208 1543; x_wconf 89' lang='lat' dir='ltr'>nimium</span> <span class='ocrx_word' id='word_1_231' title='bbox 1237 1511 1333 1543; x_wconf 74' lang='lat' dir='ltr'>fuisse</span> <span class='ocrx_word' id='word_1_232' title='bbox 1364 1512 1522 1549; x_wconf 85' lang='lat' dir='ltr'>addictos,</span> <span class='ocrx_word' id='word_1_233' title='bbox 1548 1511 1688 1543; x_wconf 82' lang='lat' dir='ltr'>habuere</span> <span class='ocrx_word' id='word_1_234' title='bbox 1716 1518 1823 1543; x_wconf 82' lang='lat' dir='ltr'>tamen</span> 
     </span>
     <span class='ocr_line' id='line_1_26' title="bbox 358 1565 1824 1609; baseline 0.004 -16"><span class='ocrx_word' id='word_1_235' title='bbox 358 1570 389 1593; x_wconf 88' lang='lat' dir='ltr'>et</span> <span class='ocrx_word' id='word_1_236' title='bbox 422 1574 478 1594; x_wconf 84' lang='lat' dir='ltr'>sua</span> <span class='ocrx_word' id='word_1_237' title='bbox 516 1565 647 1603; x_wconf 89' lang='lat' dir='ltr'>merita,</span> <span class='ocrx_word' id='word_1_238' title='bbox 678 1566 798 1609; x_wconf 86' lang='lat' dir='ltr'>quibus</span> <span class='ocrx_word' id='word_1_239' title='bbox 831 1579 898 1599; x_wconf 88' lang='lat' dir='ltr'>non</span> <span class='ocrx_word' id='word_1_240' title='bbox 924 1575 1048 1600; x_wconf 85' lang='lat' dir='ltr'>tantum</span> <span class='ocrx_word' id='word_1_241' title='bbox 1074 1569 1314 1601; x_wconf 85' lang='lat' dir='ltr'>Astronomiam</span> <span class='ocrx_word' id='word_1_242' title='bbox 1346 1568 1386 1599; x_wconf 89' lang='lat' dir='ltr'>ab</span> <span class='ocrx_word' id='word_1_243' title='bbox 1419 1570 1551 1600; x_wconf 83' lang='lat' dir='ltr'>interitu</span> <span class='ocrx_word' id='word_1_244' title='bbox 1580 1568 1824 1607; x_wconf 68' lang='lat' dir='ltr'>servasse‚‘sed</span> 
     </span>
     <span class='ocr_line' id='line_1_27' title="bbox 356 1620 1824 1667; baseline 0.005 -18"><span class='ocrx_word' id='word_1_245' title='bbox 356 1620 449 1650; x_wconf 85' lang='lat' dir='ltr'>etiam</span> <span class='ocrx_word' id='word_1_246' title='bbox 484 1631 592 1664; x_wconf 83' lang='lat' dir='ltr'>reapse</span> <span class='ocrx_word' id='word_1_247' title='bbox 627 1621 736 1653; x_wconf 88' lang='lat' dir='ltr'>multis</span> <span class='ocrx_word' id='word_1_248' title='bbox 774 1624 964 1655; x_wconf 85' lang='lat' dir='ltr'>nominibus</span> <span class='ocrx_word' id='word_1_249' title='bbox 997 1624 1114 1655; x_wconf 81' lang='lat' dir='ltr'>fovisse</span> <span class='ocrx_word' id='word_1_250' title='bbox 1146 1632 1178 1656; x_wconf 89' lang='lat' dir='ltr'>et</span> <span class='ocrx_word' id='word_1_251' title='bbox 1217 1625 1332 1656; x_wconf 88' lang='lat' dir='ltr'>aluisse</span> <span class='ocrx_word' id='word_1_252' title='bbox 1361 1624 1489 1656; x_wconf 85' lang='lat' dir='ltr'>dicendi</span> <span class='ocrx_word' id='word_1_253' title='bbox 1519 1631 1606 1656; x_wconf 84' lang='lat' dir='ltr'>sunt.</span> <span class='ocrx_word' id='word_1_254' title='bbox 1662 1624 1761 1667; x_wconf 86' lang='lat' dir='ltr'>Quod</span> <span class='ocrx_word' id='word_1_255' title='bbox 1788 1631 1824 1656; x_wconf 90' lang='lat' dir='ltr'>ut</span> 
     </span>
     <span class='ocr_line' id='line_1_28' title="bbox 357 1678 1823 1724; baseline 0.003 -18"><span class='ocrx_word' id='word_1_256' title='bbox 357 1687 428 1707; x_wconf 83' lang='lat' dir='ltr'>mea</span> <span class='ocrx_word' id='word_1_257' title='bbox 461 1680 604 1709; x_wconf 82' lang='lat' dir='ltr'>oratione</span> <span class='ocrx_word' id='word_1_258' title='bbox 637 1678 692 1709; x_wconf 87' lang='lat' dir='ltr'>fiat</span> <span class='ocrx_word' id='word_1_259' title='bbox 718 1679 920 1711; x_wconf 82' lang='lat' dir='ltr'>manifestum</span> <span class='ocrx_word' id='word_1_260' title='bbox 937 1704 945 1719; x_wconf 92' lang='lat'>‚</span> <span class='ocrx_word' id='word_1_261' title='bbox 978 1691 1046 1711; x_wconf 89' lang='lat' dir='ltr'>nou</span> <span class='ocrx_word' id='word_1_262' title='bbox 1076 1681 1109 1711; x_wconf 74' lang='lat' dir='ltr'>id</span> <span class='ocrx_word' id='word_1_263' title='bbox 1131 1692 1243 1724; x_wconf 82' lang='lat' dir='ltr'>agam,</span> <span class='ocrx_word' id='word_1_264' title='bbox 1268 1681 1306 1712; x_wconf 84' lang='lat' dir='ltr'>A.</span> <span class='ocrx_word' id='word_1_265' title='bbox 1319 1681 1358 1713; x_wconf 85' lang='grc' dir='ltr'>Α.</span> <span class='ocrx_word' id='word_1_266' title='bbox 1392 1688 1429 1712; x_wconf 88' lang='lat' dir='ltr'>ut</span> <span class='ocrx_word' id='word_1_267' title='bbox 1454 1680 1566 1712; x_wconf 83' lang='lat' dir='ltr'>multis</span> <span class='ocrx_word' id='word_1_268' title='bbox 1587 1680 1692 1712; x_wconf 83' lang='lat' dir='ltr'>verbis</span> <span class='ocrx_word' id='word_1_269' title='bbox 1714 1680 1823 1712; x_wconf 83' lang='lat' dir='ltr'>obser-</span> 
     </span>
     <span class='ocr_line' id='line_1_29' title="bbox 356 1735 1825 1777; baseline 0.005 -15"><span class='ocrx_word' id='word_1_270' title='bbox 356 1739 525 1771; x_wconf 80' lang='lat' dir='ltr'>vatorum,</span> <span class='ocrx_word' id='word_1_271' title='bbox 558 1735 615 1776; x_wconf 90' lang='lat' dir='ltr'>qui</span> <span class='ocrx_word' id='word_1_272' title='bbox 651 1735 737 1777; x_wconf 84' lang='lat' dir='ltr'>apud</span> <span class='ocrx_word' id='word_1_273' title='bbox 769 1736 945 1768; x_wconf 85' lang='lat' dir='ltr'>Orientales</span> <span class='ocrx_word' id='word_1_274' title='bbox 975 1738 1185 1777; x_wconf 86' lang='lat' dir='ltr'>exstiterunt,</span> <span class='ocrx_word' id='word_1_275' title='bbox 1219 1748 1415 1777; x_wconf 83' lang='lat' dir='ltr'>numerum,</span> <span class='ocrx_word' id='word_1_276' title='bbox 1453 1738 1487 1768; x_wconf 87' lang='lat' dir='ltr'>iu</span> <span class='ocrx_word' id='word_1_277' title='bbox 1520 1744 1566 1768; x_wconf 84' lang='lat' dir='ltr'>tot</span> <span class='ocrx_word' id='word_1_278' title='bbox 1599 1737 1825 1769; x_wconf 80' lang='lat' dir='ltr'>observatoriis</span> 
     </span>
     <span class='ocr_line' id='line_1_30' title="bbox 360 1790 1832 1839; baseline 0.003 -19"><span class='ocrx_word' id='word_1_279' title='bbox 360 1790 505 1832; x_wconf 84' lang='lat' dir='ltr'>profecto</span> <span class='ocrx_word' id='word_1_280' title='bbox 533 1792 713 1834; x_wconf 76' lang='lat' dir='ltr'>insignem,</span> <span class='ocrx_word' id='word_1_281' title='bbox 749 1804 808 1824; x_wconf 84' lang='lat' dir='ltr'>nec</span> <span class='ocrx_word' id='word_1_282' title='bbox 837 1805 984 1836; x_wconf 81' lang='lat' dir='ltr'>magnam</span> <span class='ocrx_word' id='word_1_283' title='bbox 1013 1795 1218 1838; x_wconf 83' lang='lat' dir='ltr'>singulorum</span> <span class='ocrx_word' id='word_1_284' title='bbox 1250 1796 1395 1839; x_wconf 82' lang='lat' dir='ltr'>peritiam</span> <span class='ocrx_word' id='word_1_285' title='bbox 1419 1801 1450 1825; x_wconf 91' lang='lat' dir='ltr'>et</span> <span class='ocrx_word' id='word_1_286' title='bbox 1486 1793 1700 1826; x_wconf 79' lang='lat' dir='ltr'>assiduitatem</span> <span class='ocrx_word' id='word_1_287' title='bbox 1725 1794 1832 1837; x_wconf 71' lang='lat' dir='ltr'>expli-</span> 
     </span>
     <span class='ocr_line' id='line_1_31' title="bbox 358 1848 1824 1895; baseline 0.003 -19"><span class='ocrx_word' id='word_1_288' title='bbox 358 1857 447 1885; x_wconf 79' lang='lat' dir='ltr'>cem,</span> <span class='ocrx_word' id='word_1_289' title='bbox 471 1858 582 1878; x_wconf 83' lang='lat' dir='ltr'>verum</span> <span class='ocrx_word' id='word_1_290' title='bbox 613 1848 644 1878; x_wconf 89' lang='lat' dir='ltr'>id</span> <span class='ocrx_word' id='word_1_291' title='bbox 670 1850 794 1891; x_wconf 85' lang='lat' dir='ltr'>potius,</span> <span class='ocrx_word' id='word_1_292' title='bbox 819 1857 855 1881; x_wconf 86' lang='lat' dir='ltr'>ut</span> <span class='ocrx_word' id='word_1_293' title='bbox 882 1849 991 1893; x_wconf 77' lang='lat' dir='ltr'>paucis</span> <span class='ocrx_word' id='word_1_294' title='bbox 1026 1852 1190 1883; x_wconf 68' lang='lat' dir='ltr'>ostendam</span> <span class='ocrx_word' id='word_1_295' title='bbox 1226 1852 1304 1895; x_wconf 83' lang='lat' dir='ltr'>quid</span> <span class='ocrx_word' id='word_1_296' title='bbox 1335 1852 1465 1883; x_wconf 84' lang='lat' dir='ltr'>demum</span> <span class='ocrx_word' id='word_1_297' title='bbox 1496 1863 1534 1882; x_wconf 68' lang='lat' dir='ltr'>ert</span> <span class='ocrx_word' id='word_1_298' title='bbox 1570 1852 1716 1882; x_wconf 75' lang='lat' dir='ltr'>omnium</span> <span class='ocrx_word' id='word_1_299' title='bbox 1747 1862 1824 1882; x_wconf 84' lang='lat' dir='ltr'>con-</span> 
     </span>
     <span class='ocr_line' id='line_1_32' title="bbox 355 1903 1335 1946; baseline 0.008 -14"><span class='ocrx_word' id='word_1_300' title='bbox 355 1903 467 1943; x_wconf 78' lang='lat' dir='ltr'>juncta</span> <span class='ocrx_word' id='word_1_301' title='bbox 500 1914 596 1946; x_wconf 88' lang='lat' dir='ltr'>opera</span> <span class='ocrx_word' id='word_1_302' title='bbox 616 1904 649 1934; x_wconf 90' lang='lat' dir='ltr'>in</span> <span class='ocrx_word' id='word_1_303' title='bbox 676 1907 899 1937; x_wconf 87' lang='lat' dir='ltr'>Astronomiae</span> <span class='ocrx_word' id='word_1_304' title='bbox 922 1907 1176 1939; x_wconf 87' lang='lat' dir='ltr'>emolumentum</span> <span class='ocrx_word' id='word_1_305' title='bbox 1198 1909 1335 1941; x_wconf 84' lang='lat' dir='ltr'>cesserit.</span> 
     </span>
    </p>

    <p class='ocr_par' dir='ltr' id='par_1_4' title="bbox 357 1951 1834 2123">
     <span class='ocr_line' id='line_1_33' title="bbox 403 1951 1834 2009; baseline 0.007 -22"><span class='ocrx_word' id='word_1_306' title='bbox 403 1958 439 1988; x_wconf 90' lang='lat' dir='ltr'>Id</span> <span class='ocrx_word' id='word_1_307' title='bbox 462 1965 533 1989; x_wconf 87' lang='lat' dir='ltr'>ante</span> <span class='ocrx_word' id='word_1_308' title='bbox 555 1961 662 1990; x_wconf 88' lang='lat' dir='ltr'>omnia</span> <span class='ocrx_word' id='word_1_309' title='bbox 685 1960 811 1993; x_wconf 77' lang='lat' dir='ltr'>efficere</span> <span class='ocrx_word' id='word_1_310' title='bbox 841 1962 1038 1996; x_wconf 84' lang='lat' dir='ltr'>studuerunt</span> <span class='ocrx_word' id='word_1_311' title='bbox 1067 1966 1241 1996; x_wconf 88' lang='lat' dir='ltr'>astronomi</span> <span class='ocrx_word' id='word_1_312' title='bbox 1268 1965 1465 2002; x_wconf 88' lang='lat' dir='ltr'>Orientales‚</span> <span class='ocrx_word' id='word_1_313' title='bbox 1497 1971 1535 1996; x_wconf 86' lang='lat' dir='ltr'>ut</span> <span class='ocrx_word' id='word_1_314' title='bbox 1568 1966 1604 1997; x_wconf 83' lang='lat' dir='ltr'>in</span> <span class='ocrx_word' id='word_1_315' title='bbox 1631 1951 1834 2009; x_wconf 19' lang='lat' dir='ltr'>opportunis*</span> 
     </span>
     <span class='ocr_line' id='line_1_34' title="bbox 358 2014 1823 2065; baseline 0.007 -21"><span class='ocrx_word' id='word_1_316' title='bbox 358 2014 503 2046; x_wconf 86' lang='lat' dir='ltr'>collocati</span> <span class='ocrx_word' id='word_1_317' title='bbox 526 2016 717 2048; x_wconf 82' lang='lat' dir='ltr'>stationibus</span> <span class='ocrx_word' id='word_1_318' title='bbox 732 2025 763 2049; x_wconf 89' lang='lat' dir='ltr'>et</span> <span class='ocrx_word' id='word_1_319' title='bbox 779 2021 912 2062; x_wconf 85' lang='lat' dir='ltr'>egregiis</span> <span class='ocrx_word' id='word_1_320' title='bbox 937 2020 1037 2063; x_wconf 85' lang='lat' dir='ltr'>adjuti</span> <span class='ocrx_word' id='word_1_321' title='bbox 1060 2021 1299 2060; x_wconf 86' lang='lat' dir='ltr'>instrumentis,</span> <span class='ocrx_word' id='word_1_322' title='bbox 1323 2022 1552 2060; x_wconf 86' lang='lat' dir='ltr'>accuratiores,</span> <span class='ocrx_word' id='word_1_323' title='bbox 1578 2033 1674 2065; x_wconf 84' lang='lat' dir='ltr'>quam</span> <span class='ocrx_word' id='word_1_324' title='bbox 1692 2033 1709 2053; x_wconf 87' lang='lat' dir='ltr'>a</span> <span class='ocrx_word' id='word_1_325' title='bbox 1727 2024 1823 2054; x_wconf 81' lang='lat' dir='ltr'>Grae·</span> 
     </span>
     <span class='ocr_line' id='line_1_35' title="bbox 357 2072 1821 2123; baseline 0.006 -22"><span class='ocrx_word' id='word_1_326' title='bbox 357 2072 404 2102; x_wconf 86' lang='lat' dir='ltr'>cis</span> <span class='ocrx_word' id='word_1_327' title='bbox 427 2079 639 2115; x_wconf 73' lang='lat' dir='ltr'>acceperant,</span> <span class='ocrx_word' id='word_1_328' title='bbox 658 2073 894 2123; x_wconf 82' lang='lat' dir='ltr'>observationes</span> <span class='ocrx_word' id='word_1_329' title='bbox 917 2078 1129 2112; x_wconf 85' lang='lat' dir='ltr'>insti-tuerent.</span> <span class='ocrx_word' id='word_1_330' title='bbox 1185 2079 1431 2112; x_wconf 81' lang='lat' dir='ltr'>Observationes</span> <span class='ocrx_word' id='word_1_331' title='bbox 1464 2080 1541 2110; x_wconf 83' lang='lat' dir='ltr'>istae</span> <span class='ocrx_word' id='word_1_332' title='bbox 1573 2079 1662 2110; x_wconf 81' lang='lat' dir='ltr'>fuere</span> <span class='ocrx_word' id='word_1_333' title='bbox 1696 2079 1821 2116; x_wconf 79' lang='lat' dir='ltr'>variae,</span> 
     </span>
    </p>
   </div>
   <div class='ocr_carea' id='block_1_3' title="bbox 1772 2134 1830 2167">
    <p class='ocr_par' dir='ltr' id='par_1_5' title="bbox 1772 2134 1830 2167">
     <span class='ocr_line' id='line_1_36' title="bbox 1772 2134 1830 2167; baseline -0.017 0"><span class='ocrx_word' id='word_1_334' title='bbox 1772 2134 1830 2167; x_wconf 77' lang='lat' dir='ltr'>sed</span> 
     </span>
    </p>
   </div>
   <div class='ocr_carea' id='block_1_4' title="bbox 1886 1302 1930 2448">
    <p class='ocr_par' dir='ltr' id='par_1_6' title="bbox 1886 1302 1930 2448">
     <span class='ocr_line' id='line_1_37' title="bbox 1886 1302 1930 2448; baseline 0 0"><span class='ocrx_word' id='word_1_335' title='bbox 1886 1302 1930 2448; x_wconf 95' lang='lat' dir='ltr'> </span> 
     </span>
    </p>
   </div>
  </div>
 </body>
</html>
