1930 2448
152 117 407 151 RESPONSUM
425 126 470 148 an
491 114 802 156 QUAESTloNEM
822 114 1468 148 PfflLOSOPHICo-THEORETICAM.
1537 127 1577 154 23

82 207 86 211 ’
108 205 150 235 At
173 203 269 238 enim,
292 202 378 238 quam
402 209 472 239 vaga
495 207 525 230 et
547 200 654 230 incerta
678 197 746 229 haec
771 199 809 229 sit
831 198 950 229 rationis
976 199 1152 236 auctoritas,
1173 199 1236 236 ipsa
1255 200 1359 237 probat
1380 200 1436 230 ista
1461 200 1586 238 opinio·-

62 249 139 287 -ium
165 253 298 284 distantia
311 274 322 289 ‚
343 261 376 282 ut
396 254 480 282 talem
496 252 652 281 ductricem
671 250 775 287 sequi,
796 251 878 280 valde
901 250 941 279 sit
964 251 1156 281 temerarium.
1198 252 1240 281 Ita
1260 251 1394 281 videtur:
1417 253 1467 281 sed
1487 253 1578 284 huius⁴

70 303 215 338 varietatis
238 313 367 334 caussam
394 313 454 334 non
480 312 543 333 esse
563 303 699 333 rationem
711 323 721 338 ,
751 304 798 332 vel
817 301 884 331 inde
901 301 992 331 videri
1009 308 1126 338 potest,
1151 303 1230 339 quod
1247 311 1348 332 omnes
1364 303 1406 331 ab·
1417 303 1575 332 Aristotele

68 357 240 397 philosophi
261 356 297 385 ad
319 356 396 385 hunc
424 364 517 391 usque
540 355 615 384 diem
636 356 715 391 leges
738 353 880 383 iudicandi
903 359 931 382 et
952 352 1129 390 colligendi,
1151 363 1223 390 quas
1246 354 1330 383 tradit
1349 354 1468 392 logica,
1488 363 1573 390 quam

63 417 172 451 puram
198 409 341 445 appellare
364 412 597 442 consueverunt,
621 411 787 435 constanter
809 404 977 434 tradiderint
999 406 1132 440 easdem,
1155 411 1184 433 et
1205 404 1345 434 maximus
1371 405 1408 434 sit
1435 406 1466 434 in
1488 405 1580 435 disci*

71 461 160 499 plinis
189 457 395 489 mathematicis
423 465 582 488 consensus
602 457 688 494 (1).
729 455 831 486 Omnis
852 457 939 486 huius
964 457 1142 486 diversitatis⁴
1161 455 1342 493 principium:
1361 463 1405 485 est
1431 457 1461 486 in
1492 457 1584 486 intel-⁴

70 512 209 550 figentia,
232 518 305 547 quae
329 509 451 539 diversis
466 509 495 538 i'n
515 508 682 537 hominibus
704 508 797 537 varias
816 509 854 537 ob
871 517 985 538 caussas
1005 508 1099 545 possit
1117 516 1181 537 esse
1195 508 1292 542 varia,
1312 516 1366 544 per
1380 507 1580 544 nativitatem,

69 569 98 593 et
119 564 275 593 naturalem
300 561 410 590 cerebri
440 568 468 588 et
493 559 616 589 sensorii
643 560 806 589 communis
835 566 1030 595 structuram,
1060 569 1111 596 per
1136 559 1359 595 educationem,
1382 567 1433 595 per
1457 568 1583 588 consue-

66 615 194 645 tudinem
206 634 217 650 ,
238 613 366 649 aliasque
381 620 496 642 caussas
513 611 670 648 plurimas,
693 620 764 648 quas
780 620 881 641 omnes
901 620 1066 641 enumerare
1084 611 1174 640 totius
1193 609 1357 640 voluminis
1365 611 1491 647 spatium
1509 620 1582 648 pos-

65 668 183 697 talares.

72 734 76 736 ‚
102 743 158 772 His
184 748 303 778 autem,
326 750 398 777 quae
426 740 656 777 disputavimus,
686 739 758 769 illud
789 741 1010 777 haudquaquam
1037 739 1199 777 significare
1224 740 1402 776 voluimus,
1426 746 1458 769 ut
1485 740 1582 769 omnia

62 801 160 836 nostra
189 792 339 822 ratiocinia
369 800 436 823 vera
459 791 625 821 habeamus.
669 791 737 820 Hoc
763 798 874 821 tantum
901 792 1068 827 voluimus,
1091 791 1169 820 illam
1195 791 1368 826 sequendam
1401 800 1464 820 esse
1495 791 1583 820 ratio-

63 845 114 886 nis
131 845 221 881 legem
237 864 248 879 ,
278 852 350 879 quae
374 851 430 872 nos
453 850 566 874 moneat
598 843 638 872 ita
667 843 813 880 cogitare,
841 850 874 872 ut
900 844 930 872 sis
953 843 1041 872 aliter·
1063 842 1274 879 cogitaremus,
1307 842 1336 871 id
1360 842 1416 871 sibi
1441 851 1582 879 repugna-

66 885 120 928 ret.
161 895 261 932 Atque
282 893 325 923 uti
349 902 483 930 suprema
506 896 552 923 lex
578 894 694 923 moralis
718 904 749 924 ea
772 903 834 932 est,
866 904 945 931 quaer
961 903 1016 923 nos
1039 893 1155 928 iubeat,
1182 900 1214 922 ut
1242 893 1315 923 nihil
1336 902 1472 931 agamus,
1503 894 1582 929 quod

65 945 169 977 mtioni
193 952 354 982 repugnet,
376 952 404 974 et
426 945 513 974 huius
539 945 610 983 legis
639 946 796 975 habeamus
823 955 943 976 sensum
963 945 1190 980 conscientiam;
1224 944 1266 973 sic
1292 953 1424 982 suprema
1447 945 1477 973 in
1503 944 1584 980 cogi-

61 989 148 1029 tando
176 999 224 1027 lex
247 1003 306 1026 est:
350 997 427 1030 Illud
449 997 566 1034 cogita,
589 997 668 1033 quod
693 997 821 1034 cogitare
852 1006 905 1033 per
932 1004 1111 1025 consensum
1134 995 1255 1024 rationis
1281 1003 1379 1024 secum
1409 995 1490 1024 vides
1518 1003 1582 1023 esse

61 1049 269 1080 necessarium.
316 1048 421 1084 Neque
448 1048 541 1076 huius*
562 1048 635 1085 legis
662 1048 753 1077 nobis·
780 1048 861 1076 deest
888 1056 992 1076 sensus
1009 1068 1020 1083 ,
1054 1047 1105 1082 qui
1136 1046 1187 1075 ubi
1210 1045 1442 1078 contrafactum
1469 1045 1581 1081 fuerit,

62 1109 117 1135 nos
140 1106 273 1135 moneat,
300 1106 328 1129 et
352 1107 432 1132 reum
462 1098 564 1133 faciat,
598 1099 699 1136 Atque
723 1100 779 1128 hoc
810 1100 943 1135 exemplo
972 1097 1069 1127 Kantii
1090 1097 1162 1125 disci
1185 1104 1302 1133 potest,
1329 1106 1414 1133 quem
1439 1097 1510 1133 quid
1530 1097 1581 1125 ille

34 1162 37 1163 ⁷
64 1159 170 1193 sensus
200 1150 367 1186 monuerit,
391 1159 457 1181 cum
484 1151 645 1188 argumenti
667 1149 1002 1188 physico-theologici,
1036 1157 1095 1185 quo
1117 1149 1211 1177 Deum
1235 1157 1321 1184 esse,
1343 1149 1580 1184 demonstretur,

62 1200 232 1241 infringeret
256 1203 404 1237 valorem,
428 1197 556 1238 quidque
582 1209 737 1238 propterea
756 1201 905 1238 scripserit
926 1200 956 1229 in
972 1199 1072 1229 critica
1094 1208 1183 1236 purae
1207 1199 1346 1236 rationis,
1373 1207 1401 1229 et
1423 1208 1507 1235 quam
1531 1208 1581 1236 pa·

64 1262 126 1285 uum
151 1253 208 1282 sibi
235 1252 265 1282 in
290 1261 324 1282 eo
351 1253 444 1289 capite
467 1252 557 1281 fuerit
587 1260 820 1288 consentaneus,
848 1259 951 1281 notum
982 1260 1044 1280 esse
1071 1250 1195 1280 arbitror
1224 1251 1312 1288 (ε).
1360 1251 1469 1279 Sensus
1493 1250 1580 1279 huius

61 1294 192 1333 &alerem
210 1304 320 1340 optime
340 1303 494 1341 descripsit
509 1304 675 1341 Borgerus:
719 1325 738 1340 „
759 1303 819 1342 Qui
839 1303 913 1332 enim
932 1309 1045 1339 praeter
1061 1309 1150 1331 semet
1169 1302 1271 1338 ipsos,
1290 1301 1405 1338 inquit,
1424 1301 1579 1337 quicquam

65 1355 206 1389 existere,
225 1361 275 1383 aut
290 1361 412 1391 negant,
430 1361 478 1383 aut
494 1354 644 1391 dubitant,
660 1364 757 1384 eorum
773 1361 828 1383 tam
844 1360 926 1383 acuta
943 1360 988 1382 est
1004 1359 1123 1389 tamque
1135 1353 1251 1382 subtilis
1268 1353 1446 1390 disputatio,
1471 1359 1504 1381 ut
1530 1351 1582 1388 qui

64 1405 231 1435 contrariam
246 1405 416 1434 sententiam
436 1398 572 1441 uientur,
593 1415 643 1435 eos
657 1407 743 1435 causa
761 1406 861 1434 cadere
875 1413 994 1434 necesse
1015 1404 1073 1441 sit,
1094 1405 1120 1434 si
1140 1404 1257 1433 illorum
1285 1412 1334 1434 aut
1357 1404 1505 1441 negationi
1531 1410 1581 1432 aut

65 1455 239 1486 dubitationi
263 1456 489 1485 mathematicam
508 1465 538 1485 se
560 1458 729 1487 evidentiam
747 1464 895 1492 opponere
914 1465 1000 1492 posse
1024 1463 1139 1493 putent.
1179 1455 1222 1488 Et
1238 1462 1332 1486 tamen
1350 1455 1388 1485 ita
1407 1455 1491 1489 nobis
1516 1464 1582 1492 per·

65 1515 180 1537 &tasum
196 1514 262 1542 est,
283 1508 403 1536 existere
421 1508 579 1545 mundum,
601 1516 634 1539 ut
658 1510 738 1539 nulla
760 1506 895 1536 mathesis
920 1507 1045 1536 certiora
1068 1508 1173 1536 docere
1199 1507 1342 1536 videatur.
1383 1507 1498 1543 Ecquid
1527 1506 1582 1543 igi-

64 1565 112 1588 tur
131 1566 232 1587 causae
254 1564 315 1593 est,
341 1566 392 1587 eur
413 1559 505 1595 ratio,
526 1560 636 1597 impetu
665 1559 893 1589 adversariorum
922 1559 962 1588 de
985 1560 1041 1588 hoc
1068 1559 1226 1588 evidentiae
1252 1558 1360 1587 iudicio
1389 1558 1521 1594 deiecta,
1551 1558 1582 1587 in

37 1611 40 1618 ¹
66 1602 266 1649 'probabilitate
297 1617 440 1647 tamquam
472 1612 502 1641 in
528 1612 652 1642 statione
678 1612 776 1648 aliqua
807 1610 962 1646 subsistat,
994 1619 1046 1640 nec
1079 1612 1164 1647 lapsu
1192 1610 1319 1647 graviori
1344 1610 1433 1639 ruat?
1474 1610 1583 1639 Sensus

64 1665 124 1691 ‘eam
150 1661 293 1696 sustinet,
314 1670 366 1690 nec
388 1663 503 1699 penitus
524 1664 623 1693 cadere
650 1664 780 1701 patitur,
802 1671 922 1698 eamque
944 1662 1201 1699 probabilitatem,
1224 1669 1256 1691 ut
1284 1662 1324 1691 ita
1353 1662 1495 1697 dixerim,
1518 1670 1583 1689 cor-

67 1712 206 1747 roborat,
237 1719 394 1748 monetque
418 1714 578 1751 rationem,
607 1722 640 1745 ut
668 1715 798 1752 quamvis
824 1715 875 1743 illa
903 1715 1063 1744 evidentiae
1088 1714 1277 1751 possessione
1307 1714 1430 1750 spoliata
1456 1714 1515 1748 sit,
1542 1721 1584 1741 ta-

66 1771 130 1794 men
160 1763 436 1793 verisimilitudinem
467 1767 628 1803 sequatur’'
655 1768 734 1805 (1).
781 1766 893 1794 Verum
921 1772 988 1801 est,
1017 1766 1093 1794 hunc
1123 1774 1242 1794 sensum
1270 1773 1331 1794 non
1356 1765 1481 1800 docere,
1513 1763 1583 1800 quid

1540 1823 1585 1844 νε-

99 1896 162 1931 (ι)
192 1898 233 1924 De
259 1905 390 1925 consensu
413 1899 438 1925 in
462 1900 580 1928 Mathesi
606 1901 737 1936 probante
762 1900 893 1926 rationem
919 1900 945 1926 in
970 1899 1092 1925 omnibus
1113 1899 1264 1926 hominibus
1285 1906 1345 1925 esse
1365 1898 1499 1930 eamdem,
1521 1897 1579 1923 vid.

72 1947 194 1977 Mamer,
219 1947 237 1973 l.
255 1947 275 1974 l.
300 1947 326 1979 §.
343 1948 395 1980 716
412 1955 453 1980 sq.

97 1991 164 2026 (2)
189 1991 251 2019 vid.
270 1993 358 2019 Kritik
378 1993 425 2019 der
444 1995 510 2022 rein.
525 1995 660 2022 Vernunft
678 1996 766 2029 eapite
783 1995 855 2030 quod
873 1995 1045 2023 inscribitur:
1064 1995 1285 2028 Unmoglichkeit
1301 1996 1348 2023 des
1363 1993 1585 2028 physico-Theo·

61 2039 206 2071 *logischenv
222 2039 373 2071 Beweises‚
397 2048 418 2067 s.
428 2042 477 2073 648
495 2049 555 2075 sqq.

101 2083 168 2118 (ι)
197 2083 257 2112 Vid.
291 2092 354 2119 pag.
369 2087 415 2118 308
444 2094 521 2120 seqq.
