1961 2438
319 117 358 140 Μ
827 107 868 143 C.
955 110 980 141 E
1024 107 1054 139 K
1085 104 1128 142 Ἀ
1172 108 1207 141 Μ
1246 106 1278 139 ‘A'

390 210 547 249 Vidimus
570 215 667 257 igitur
688 215 724 247 A.
751 214 802 247 ΑΛ
826 224 985 255 summos,
1007 214 1064 258 qui
1093 226 1111 247 a
1135 215 1313 258 Copernico
1345 212 1420 245 inde
1442 212 1590 256 fuerunt,
1615 217 1708 248 Viros
1733 215 1788 260 iu·v

321 272 409 314 genti
436 271 543 303 labore
573 270 672 303 veluti
711 270 822 302 rudem
856 278 969 303 terram
1001 279 1123 304 vertere
1157 273 1298 315 primum
1331 271 1472 314 coepisse
1500 278 1532 303 et
1562 272 1784 316 proscindere,

323 340 399 361 mox
433 331 576 369 iterasse,
607 330 763 368 tertiasse,
798 341 944 370 occassc,
977 331 1195 372 maximasque
1218 328 1252 359 in
1280 338 1315 359 ea
1338 334 1495 359 sementes
1518 327 1644 368 fecisse,
1665 331 1784 373 praeci·

321 396 384 428 pua
411 396 466 429 spe
487 386 597 417 messis
617 385 707 417 alteri
728 387 835 418 seculo
857 387 986 428 relicta3
1013 399 1093 432 quas
1121 398 1198 419 vero
1223 385 1318 417 laetas
1343 385 1418 417 inde
1447 391 1566 428 segetes
1589 396 1717 429 surgere
1740 387 1788 418 vi·

319 442 431 474 ‹lerent
462 443 596 486 posteri,
618 443 675 474 has
698 455 764 475 non
790 445 908 476 minori
933 444 1004 477 illos
1034 444 1198 488 vigilantia
1230 453 1376 482 curasse,
1406 442 1585 486 collegisse,
1614 453 1788 487 expurgas·

320 509 371 538 se,
395 499 591 540 condidisse,
618 500 679 532 sihi
703 500 939 544 nepotibusque
958 503 1032 534 usui
1052 501 1185 534 futuras.

362 615 406 645 Ut
431 615 570 657 apertius
589 613 712 653 dicam,
744 626 816 646 nam
841 614 920 646 mihi
944 615 1071 647 tandem
1095 614 1356 647 concludendum
1384 621 1451 654 est,
1474 615 1614 647 vidimus
1634 614 1726 652 satis,
1748 613 1785 646 ni

322 670 415 702 fallor
438 673 475 704 A.
495 673 531 704 A.
555 674 590 705 H.
600 671 654 704 H.!
679 672 730 711 id,
754 672 841 715 quod
866 672 907 703 ab
933 673 1025 704 initio
1049 673 1131 704 milii
1155 671 1399 704 monstrandum
1425 672 1548 710 sumsi,
1583 672 1783 714 insignium,

322 729 377 768 qui
414 729 446 759 in
476 729 604 760 scientia
629 728 851 761 Astrouomica
887 728 1040 760 hactenus
1073 727 1147 760 facti
1179 735 1255 760 sunt
1275 752 1286 769 ,
1316 739 1544 772 progressuum
1578 728 1786 761 fundamenta

320 784 426 816 seculo
447 783 570 817 decimo
600 793 689 819 sexto
714 793 744 819 et
766 789 903 830 septimo
918 787 1086 831 praecipue
1113 786 1209 818 fuisse
1231 788 1323 829 jacta.

677 1121 832 1133 ⁶—-
839 1120 1425 1136 Um·—

338 1422 409 1466 (*)
434 1419 546 1470 Quam
570 1423 667 1456 velim
689 1436 778 1456 nunc
804 1424 965 1469 profecto,
989 1436 1041 1458 me
1070 1425 1132 1457 hoc
1158 1424 1251 1464 loco,
1275 1425 1324 1457 uti
1350 1423 1539 1465 debueram,
1565 1423 1676 1457 itidem
1704 1423 1787 1458 cele-

317 1478 441 1517 brasse,
475 1491 571 1522 quem
606 1481 781 1520 Lalandio‚
820 1482 1018 1523 Schuberto,
1057 1482 1247 1514 Delambrio
1278 1492 1385 1526 parem
1404 1505 1415 1520 ‚
1451 1482 1533 1525 quin
1571 1481 1787 1525 superiorem,

316 1536 619 1578 pronunciaverim‚
651 1548 804 1580 magnum
845 1550 1035 1572 sommam
1069 1548 1294 1575 namurcum
1324 1548 1406 1570 vau
1437 1548 1638 1571 swtunmv.
1689 1536 1787 1578 Quod

317 1603 374 1623 cur
401 1603 468 1623 non
494 1591 628 1625 facerem
657 1601 734 1626 tunc
757 1595 790 1626 iu
809 1605 902 1627 causa
929 1595 991 1627 fuit
1013 1598 1081 1639 ipsa
1104 1595 1174 1628 Viri
1201 1595 1390 1627 reverentia.
1436 1595 1598 1625 Nimirum
1618 1594 1685 1635 jam
1709 1603 1786 1624 curn

316 1648 486 1681 scriberem
514 1649 598 1681 banc
627 1652 824 1691 orationem,
851 1655 952 1684 immo
970 1659 1002 1685 et
1025 1652 1120 1696 paulo
1148 1657 1221 1683 ante
1248 1661 1344 1693 quam
1370 1650 1534 1682 recitarem
1551 1672 1562 1689 ‚
1588 1649 1646 1681 Vir
1670 1648 1782 1681 Celeb.

317 1715 376 1746 pro
398 1717 452 1745 ea,
475 1717 539 1749 qua
563 1717 613 1738 me
637 1708 907 1751 complectebatur
931 1708 1155 1741 benevolentia
1175 1714 1207 1739 et
1234 1707 1395 1748 amicitia,
1426 1706 1552 1750 saepius
1578 1705 1660 1737 mihi
1688 1706 1789 1749 signi-

317 1760 482 1800 ficaverat,
516 1764 718 1795 constituisse
741 1775 875 1805 secum,
909 1772 946 1797 ut
971 1764 1136 1796 habendae
1162 1763 1301 1795 orationi
1335 1765 1501 1794 interesset
1530 1761 1668 1795 auditor.
1723 1764 1789 1795 No-

318 1826 425 1848 veram
453 1828 532 1850 vero
565 1820 760 1863 singularem
785 1822 854 1864 ejus
883 1821 1094 1860 modestiam,
1128 1820 1266 1852 sciebam
1294 1819 1532 1863 displiciturum
1556 1828 1642 1858 esse,
1670 1819 1717 1859 si,
1751 1826 1788 1852 ut

320 1872 456 1915 dignum
478 1875 645 1907 censebam
659 1900 670 1916 ,
692 1887 800 1908 coram
828 1877 957 1909 laudare
981 1888 1135 1916 conarer,
1160 1877 1259 1921 igitur
1282 1876 1323 1908 ab
1347 1876 1437 1908 omni
1455 1874 1614 1918 ejusmodi
1631 1874 1787 1907 laudatio·

319 1939 384 1968 ne,
414 1941 598 1974 quanquam
628 1934 769 1972 invitus,
802 1933 964 1974 abstinui,
993 1933 1084 1967 brevi
1109 1939 1235 1965 tantum
1252 1933 1379 1976 elogio,
1411 1942 1486 1964 cum
1506 1930 1781 1975 Uylenbroekium

320 1991 468 2018 nostrum
495 1987 694 2032 alloquerer,
719 1993 888 2023 Summum
912 1992 1027 2027 Virum
1052 2000 1317 2024 commemorans-
