1961 2438
636 97 1132 137 PROGRAMMA‘
1577 118 1618 150 23

137 184 237 226 ciique
253 182 389 227 forma,
413 184 540 228 ipsaque
563 195 632 218 cum
658 189 830 222 accusandi
855 197 922 222 tum
948 193 1131 236 defendendi
1165 194 1274 236 capita
1297 201 1538 237 proponantur,
1561 197 1614 227 sed

137 249 232 284 opera
255 245 427 286 praecipue
452 245 636 289 conferatur
661 249 708 280 ad
734 248 952 291 Scriptorum,
985 252 1126 284 maxime
1159 252 1286 285 illorum
1314 253 1510 292 Oratorum,
1542 252 1614 304 dili-

133 307 256 341 gentem
283 302 573 344 interpretationem
596 313 655 337 aut
681 307 935 340 emendationem.

437 419 487 450 Ab
520 419 726 452 ORDINE
755 422 1087 455 MEDICORUM
1118 425 1271 466 quaeritur

175 515 289 548 Brevis
310 516 447 550 historia
474 521 642 552 variarum
669 524 896 556 sententiarum
920 525 956 556 de
976 524 1234 566 inflammationis
1257 524 1417 564 doctrinci,
1441 535 1463 558 a
1487 536 1504 557 Β
1517 537 1609 566 01³3-

130 583 258 605 nAv1o
283 574 353 606 inde
382 576 428 607 ad
456 585 566 610 nostra
595 587 756 622 tempora,
789 590 820 613 et
842 583 1020 623 judicium,
1051 593 1207 625 quaenam
1239 583 1397 616 sententia
1426 583 1608 626 plurimum

130 630 290 663 conveniat
316 641 385 664 cum
405 632 468 666 hac
490 636 540 668 rei
565 637 700 670 medicae
722 640 918 673 conditione?

473 738 627 783 O'RDO
663 753 1264 789 JURISCONSULTORUM

170 846 328 891 Quaerit,
358 853 502 892 quomodo
527 853 660 886 Carolus
682 856 720 887 V.
749 856 930 899 Imperator
952 861 988 893 id
1020 860 1122 901 egerit
1151 859 1269 902 legibus
1302 866 1332 891 et
1362 859 1536 898 institutis,
1571 868 1607 892 ut

125 904 309 938 Provincias
352 907 544 941 Germaniae
574 910 736 953 inferioris
766 914 812 945 ad
843 916 1038 956 aequabilem
1059 915 1156 956 suris
1191 922 1221 946 et
1256 915 1435 956 Regiminis
1460 915 1602 957 sormam

122 969 312 1004 componeret
327 985 337 1002 ,
364 972 459 1006 atque
494 967 545 999 ita
572 969 658 1021 inter
689 980 722 1001 se
752 971 978 1014 conjungeret?
1011 971 1057 1003 Et
1083 971 1153 1013 quis
1175 981 1282 1003 eorum
1309 979 1474 1003 conatuum
1492 971 1598 1014 fuerit

119 1017 268 1061 effectus?
1104 1077 1108 1080 K

463 1109 514 1141 Ab
551 1109 761 1145 ORDINE
801 1114 1242 1148 THEOLOGORUM

158 1206 355 1250 Quaeritur,
388 1219 544 1251 quaenam
585 1214 650 1248 sint
681 1217 861 1258 praecipua
898 1218 1097 1251 diversarum
1127 1219 1271 1257 divinas,
1303 1227 1383 1260 quae
1419 1219 1587 1257 dicuntur,

105 1265 318 1305 proprietates
350 1265 539 1307 dispe-scendi
570 1272 731 1304 rationum
762 1273 1026 1317 (methodorum)
1060 1275 1216 1308 commoda
1249 1283 1280 1307 et
1310 1275 1526 1307 incommoda?
1557 1285 1587 1307 et

111 1330 266 1362 quaenam
297 1331 408 1354 earum
434 1325 582 1366 plurima
618 1329 741 1370 quidem
774 1330 902 1363 illorum
933 1332 1071 1372 habeat,
1106 1332 1155 1365 his
1183 1342 1254 1364 vero
1289 1333 1425 1364 omnium
1461 1332 1587 1365 minime

102 1385 273 1421 prematur
281 1378 299 1409 ?
480 1388 484 1391 ·

216 1465 363 1498 O-RDO
395 1467 829 1506 DISCIPLINARUM
863 1475 1396 1508 MATHEMATICARUM
1426 1486 1476 1509 ET

418 1527 778 1564 PHYSICARUM
807 1535 860 1567 has
882 1536 1032 1576 proponit
1055 1533 1281 1577 Quaestiones:

686 1622 715 1652 E
760 1623 1011 1656 PHYSICA.

147 1701 260 1734 Datur
288 1711 343 1734 vas
375 1704 579 1744 cylindricum
620 1709 705 1740 latet
707 1710 805 1743 aliter
841 1713 886 1744 ad
919 1712 1058 1743 diversas
1099 1717 1198 1753 supra
1239 1721 1269 1741 se
1303 1719 1409 1742 invice
1404 1721 1432 1741 77
1460 1710 1580 1741 distan-

101 1760 163 1790 tias
189 1759 290 1790 trihus
318 1760 505 1793 instructum
525 1762 757 1805 fotaminibus,
789 1777 871 1809 quae
898 1769 968 1811 sing
952 1770 1026 1800 rrula
1052 1776 1082 1799 et
1106 1768 1228 1809 quidem
1256 1773 1317 1808 pro
1342 1767 1444 1798 lubitu
1474 1765 1580 1797 claudi

101 1815 150 1846 vel
177 1815 299 1855 apeff'lri
317 1822 456 1856 POSSHH-
515 1817 711 1860 Ouaeritur,
747 1834 902 1865 quaenam
932 1833 984 1867 ope
1011 1826 1106 1866 liujus
1130 1825 1333 1856 instrumenti
1360 1823 1578 1864 experimenta

97 1870 298 1913 Hydraulica
332 1874 475 1913 institui,
508 1877 557 1912 uti
588 1885 617 1909 et
643 1889 799 1922 quousque
833 1892 938 1914 eorum
974 1882 1142 1924 explicatio
1175 1889 1270 1923 atque
1292 1880 1462 1922 applicatio
1494 1879 1574 1911 indi-

100 1929 169 1962 cari
189 1929 334 1970 possint?
