1930 2448
395 129 623 163 RESPONSIO
651 140 693 162 AD
723 133 1034 172 QUAESTIONEM
1059 138 1302 177 JURIDICAM.
1576 157 1608 186 13

102 210 189 239 docto
209 209 411 240 commentario
436 213 502 242 huie
528 215 683 250 proposito
705 215 866 253 satisfecit,
895 218 932 247 ita
957 225 1050 250 tamen
1068 229 1100 251 ut
1123 224 1252 258 quamvis
1276 226 1410 255 maximas
1433 227 1494 265 ipse
1511 231 1607 259 laudes

100 261 237 289 meruisse
253 260 403 298 videatur,
427 263 646 300 insequentibus
669 269 788 295 multum
809 267 968 298 faciendum
986 272 1134 307 reliquerit
1154 275 1226 311 (3).

135 311 249 341 Etenim
271 320 302 341 ut
320 314 376 350 jam
394 315 428 343 ad
449 315 543 351 ipsum
571 325 646 353 opus
671 319 856 354 accedamus,
878 320 912 348 de
938 322 1037 350 ordine
1061 331 1120 358 quo
1145 325 1222 361 leges
1250 326 1277 355 in
1302 327 1424 359 Tabulis
1447 330 1601 368 dispositae

99 362 209 392 fuerint
232 363 386 392 sollicitum
412 373 473 393 eum
497 366 588 395 fuisse
614 377 674 397 non
698 376 835 405 apparet,
857 372 939 399 nullo
959 372 1031 401 enim
1056 373 1085 402 in
1110 374 1276 412 fragmentis
1300 380 1450 410 afferendis
1470 390 1497 411 et
1513 385 1603 420 expli-

96 414 194 443 candis
209 416 254 443 vel
271 415 397 451 legitimo
417 418 463 445 vel
482 418 664 453 systematico
690 420 789 449 ordine
813 429 883 450 usus
910 428 970 451 est:
994 424 1044 452 sed
1065 431 1096 453 ut
1115 426 1225 456 animus
1248 427 1322 465 fert,
1349 432 1382 459 ab
1407 432 1460 461 alia
1475 435 1507 462 ad
1523 435 1604 465 aliam

92 465 165 502 juris
190 471 297 501 partem
319 468 544 504 transgreditur:
565 469 603 497 ita
621 469 715 505 enim,
736 477 768 498 ut
785 471 859 500 dicta
883 474 1022 509 exemplis
1039 476 1217 514 probemus,
1237 483 1456 512 commentarius
1475 484 1577 521 incipit
1592 497 1606 516 a

84 505 175 551 >lege:
198 515 378 555 quodcunque
388 525 561 561 postrepmm
577 520 693 558 populus
703 521 844 557 jusserit,
865 521 900 551 id
913 523 964 559 jus
987 532 1139 564 ratumque
1152 536 1219 559 esto.
1262 531 1355 568 Quam
1371 543 1460 569 porro
1474 544 1603 572 sequun-

91 571 139 602 tur
156 568 234 604 leges
250 570 406 597 nonnullae
420 569 454 597 ad
466 570 514 606 jus
532 571 681 607 publicum
700 572 887 608 pertinentes.
930 574 990 604 Has
1005 584 1097 607 autem
1116 580 1262 616 excipiunt
1280 583 1357 619 leges
1375 585 1409 613 de
1427 595 1523 616 rernm
1543 589 1602 617 Do-

91 618 196 653 minio,
217 617 251 646 de
267 619 477 658 Servitutibess,
499 620 532 649 de
545 621 738 660 Usztcapione,
759 622 793 651 (le
818 623 844 651 T
841 628 1022 664 estamenti53
1047 629 1114 657 haec
1133 639 1203 660 vero
1225 632 1474 665 Testamentorum
1493 638 1599 667 doctri-

94 676 131 697 na
148 669 345 699 intermittitur
361 671 472 707 legibus
490 673 659 708 quibusdam
677 673 834 712 interJ'ectis
851 677 885 704 de
911 678 996 707 modo
1017 679 1216 717 Sepulcrorum
1237 689 1264 712 et
1280 684 1342 713 aliis
1358 686 1392 713 de
1406 687 1484 724 Jure
1501 689 1599 718 Sacro,

90 720 226 756 Denique
243 728 311 757 post
331 729 479 752 revocatas
505 723 744 754 Testamentarias
759 727 837 763 leges
859 735 1012 758 accurrunt
1031 732 1106 767 leges
1122 732 1157 760 de
1169 733 1239 770 Jure
1258 734 1374 771 Patrio,
1399 746 1470 772 quae
1484 760 1493 774 ,
1510 740 1534 767 si
1556 750 1602 769 or-

91 771 186 800 dinem
203 772 276 809 juris
294 773 507 809 systematicum
529 775 681 805 observare
701 777 844 807 voluisset
868 787 989 816 auctor,
1016 781 1110 817 primo
1132 791 1208 812 certe
1229 786 1295 814 loco
1316 787 1511 824 disponendae
1531 790 1603 819 fuis-

88 829 165 852 sent.
206 824 290 853 Plura
309 825 410 853 afferre
426 828 554 863 exempla
574 827 614 857 nil
631 829 751 867 attinet,
780 838 864 859 nemo
882 831 956 860 enim
967 853 977 869 ,
997 833 1046 869 qui
1062 833 1139 867 hunc
1154 838 1423 868 commentariorum
1438 840 1542 870 librum
1559 842 1600 873 iu-

86 874 235 911 spexerit,
253 875 425 905 Baldumum
440 878 474 906 de
490 878 590 908 ordine
608 881 750 917 cogitasse
762 881 845 912 facile
862 883 975 913 dixerit.

126 927 233 963 Neque
253 929 389 965 majorem
408 930 469 966 ejus
486 938 581 959 curam
598 931 689 961 fuisse
705 941 844 970 apparet,
870 942 902 964 ut
920 935 1046 972 legitima
1062 938 1156 974 legum
1184 939 1271 968 verba
1287 939 1428 971 inveniret
1453 946 1500 973 vel
1517 946 1600 974 resti-

92 985 208 1015 tueret,
240 979 371 1015 quamvis
405 980 478 1009 enim
507 990 578 1017 quae
602 991 681 1012 mens
706 984 793 1025 fuerit
816 987 887 1022 legIs
913 987 1076 1023 cujusque,
1104 997 1138 1017 ex
1166 989 1286 1020 diversis
1311 993 1345 1020 ad
1371 995 1486 1023 eandem
1507 998 1597 1032 legem

86 1030 299 1065 pertinentibus
325 1030 491 1067 fragmentis
516 1032 645 1061 studiose
675 1035 817 1064 conficere
842 1038 973 1073 studeat;
1006 1047 1078 1073 quae
1106 1039 1193 1068 verba
1219 1041 1340 1076 genuina
1363 1042 1470 1073 fuerint
1503 1048 1595 1075 eadem

85 1080 281 1109 sollicitudine
300 1090 359 1109 non
373 1083 494 1117 quaerit.
535 1083 620 1112 Haud
638 1085 741 1122 injuria
765 1086 855 1123 igitur
873 1088 937 1123 quis
956 1087 1032 1117 dicat
1048 1089 1218 1119 Balduinum
1234 1091 1385 1129 diligenter
1401 1095 1515 1130 quidem
1532 1101 1592 1126 coi·

81 1129 188 1166 legisse
205 1137 233 1159 et
254 1131 411 1167 explicasse
430 1132 586 1169 fragmenta
598 1156 608 1171 ‚
628 1137 686 1166 non
701 1146 771 1166 vero
790 1138 825 1167 ab
846 1139 897 1167 illo
912 1140 989 1175 leges
1004 1140 1149 1169 restitutas
1163 1141 1265 1173 fuisse.

121 1180 156 1210 In
182 1182 371 1218 explicatione
398 1192 467 1211 vero
493 1185 613 1214 maxima
641 1187 787 1223 diligentia
813 1195 840 1217 et
874 1198 968 1218 rerum
995 1190 1098 1227 peritia
1125 1199 1254 1222 versatus
1284 1202 1337 1224 est.
1380 1196 1490 1234 Legum
1519 1201 1594 1229 enirn

83 1231 289 1267 explicationes
313 1235 484 1271 plerumque
507 1244 541 1265 ex
564 1236 633 1272 Jure
657 1238 771 1267 Graeco
796 1246 824 1267 et
853 1248 887 1268 ex
907 1241 985 1270 omni
1003 1241 1072 1278 Jure
1100 1242 1236 1272 Romano
1264 1252 1361 1281 petere
1382 1250 1468 1277 solet.
1511 1251 1591 1288 Quae

77 1281 328 1317 interpretationes
347 1285 401 1311 etsi
418 1285 523 1315 indicio
548 1294 615 1317 sunt
636 1297 741 1324 quanta
764 1298 858 1318 rerum
876 1291 995 1320 scientia
1016 1299 1044 1320 et
1061 1293 1134 1330 juris
1158 1295 1260 1330 peritia
1289 1296 1447 1327 instructus
1477 1301 1511 1328 ad
1537 1302 1591 1330 hoc

79 1338 237 1360 accesserat
257 1341 330 1368 opus
342 1353 352 1369 ,
371 1335 580 1366 observandum
601 1345 694 1368 tamen
713 1347 756 1369 est
771 1340 855 1369 nimis
880 1342 962 1370 anxie
982 1351 1047 1371 eum
1066 1344 1119 1380 Jus
1144 1345 1274 1375 Atticum
1294 1356 1358 1376 cum
1376 1349 1444 1385 Jure
1460 1348 1602 1387 Romano*

77 1382 210 1411 conferre
232 1383 379 1420 voluisse,
411 1387 481 1415 adeo
505 1394 558 1422 ut,
589 1389 613 1417 si
647 1390 722 1419 inter
747 1401 793 1420 eas
818 1392 914 1427 aliqua
936 1393 1093 1423 intercedat
1117 1395 1297 1433 similitudo,
1322 1399 1467 1430 Romanas
1483 1404 1561 1439 leges
1579 1412 1594 1431 a

73 1433 197 1462 Graecis
222 1434 366 1463 desumtas
391 1435 581 1472 pronunciare
616 1440 692 1468 haud
721 1441 845 1473 dubitet.
893 1442 1020 1472 Primum
1051 1445 1192 1481 ejusmodi
1220 1452 1379 1486 exemplum
1412 1453 1537 1481 occurrit
1564 1454 1591 1481 in

78 1485 153 1521 Cap.
173 1484 240 1513 VII.
257 1485 307 1513 ubi
323 1485 418 1522 agitur
438 1488 473 1516 de
481 1488 560 1524 falso
573 1492 750 1527 testimonio,
772 1493 823 1521 ubi
844 1493 904 1522 sic:
938 1502 1024 1529 „non
1041 1495 1159 1525 dubium
1181 1505 1244 1535 est,
1268 1499 1383 1538 inquit,
1404 1503 1591 1532 Decemviros

77 1534 106 1563 in
122 1535 273 1564 sancienda
293 1536 359 1565 falsi
385 1538 543 1568 testimonii
567 1549 682 1577 poena,
702 1542 881 1573 Graecorum
905 1547 1065 1581 exemplum
1096 1555 1211 1578 secutos
1232 1558 1312 1585 esse;
1344 1544 1494 1581 audiebant
1517 1554 1591 1582 enim

77 1585 201 1614 Athenis
220 1586 250 1614 in
271 1586 425 1624 Areopago
452 1591 651 1625 gravissimum
676 1602 740 1622 esse
774 1595 913 1631 judicium
938 1597 1173 1634 ψευδομαρτυριῶν
1204 1600 1312 1636 (cujus
1333 1607 1360 1629 et
1376 1603 1451 1638 apud
1465 1604 1590 1633 Demos-

78 1635 194 1664 thenem
211 1634 349 1671 frequens
369 1638 476 1668 mentio
487 1640 534 1676 )-'’
553 1639 639 1680 (4).
670 1644 759 1674 Aliud
777 1642 936 1682 exemplum
957 1652 1000 1674 est
1014 1647 1088 1684 Cap.
1111 1647 1195 1677 VIII.
1218 1650 1268 1678 ubi
1286 1651 1380 1687 agitur
1392 1653 1426 1681 de
1440 1662 1532 1690 poena
1547 1664 1591 1685 ca-

79 1686 161 1722 pitali
178 1686 208 1714 iu
220 1686 345 1723 judicem
365 1695 492 1726 statuta,
515 1693 564 1727 qui
581 1695 730 1730 pecuniam
750 1697 787 1725 ob
802 1705 861 1725 rem
879 1697 1026 1725 dicendam
1043 1699 1187 1734 acceperit
1203 1701 1279 1736 (5).
1321 1701 1388 1730 Hoc
1408 1705 1473 1732 loco
1491 1713 1591 1734 auctor

77 1744 215 1766 memorat
232 1737 381 1767 hlstoriam
400 1741 544 1777 cognitam
575 1744 723 1781 Sysamnis
739 1746 845 1783 judicis
865 1756 880 1775 a
899 1747 1045 1783 Cambyse
1065 1748 1147 1785 Rege
1170 1750 1319 1780 Persarum
1344 1754 1522 1783 severissime
1539 1765 1591 1792 pu-

79 1787 151 1824 niti3
174 1789 239 1818 hinc
257 1788 295 1818 ita
305 1789 518 1824 :ratiocinatum
543 1795 677 1830 „factum
694 1798 723 1826 id
742 1803 802 1833 est,
821 1797 937 1833 inquit,
958 1797 1074 1827 vivente
1089 1799 1180 1828 adhuc
1196 1800 1320 1831 Athenis
1330 1803 1460 1840 Solone,
1483 1805 1592 1835 Romae

79 1838 235 1875 imperante
254 1840 416 1877 Tarquinio
437 1842 592 1883 Superbo,
621 1847 669 1877 vix
690 1850 726 1878 80
744 1848 825 1880 annis
844 1854 908 1878 ante
922 1848 1133 1888 Decemvir053
1156 1851 1218 1890 ejus
1231 1851 1326 1889 itaque
1343 1862 1370 1883 et
1387 1855 1416 1884 hi
1431 1857 1598 1887 meminisse·

1536 1917 1593 1945 ΡΟ·

111 1969 175 2004 (3)
194 1971 281 1997 Prima
308 1972 403 2000 horum
432 1980 683 2006 commentariorum
710 1980 793 2007 editio
820 1988 860 2007 est
890 1981 942 2008 Ao.
958 1986 1031 2013 1550.
1052 1984 1166 2015 repetita
1189 1992 1253 2013 vero
1280 1992 1307 2013 et
1326 1989 1404 2021 plane
1428 1996 1493 2016 nova
1510 1989 1592 2015 Bazel

81 2022 156 2050 ¹557·
173 2018 268 2044 Exstat
285 2025 311 2044 et
325 2020 351 2044 in
367 2021 511 2055 Heineccii,
528 2024 688 2060 Jurisprud.
701 2027 774 2056 Rom.
789 2033 814 2054 et
824 2027 885 2054 Att.
904 2028 927 2055 Ι.
945 2035 972 2060 p-
989 2034 1132 2061 59—170.

111 2061 177 2096 (4)
195 2063 273 2091 Bald.
285 2065 356 2098 apud
370 2067 489 2097 Heinecc.
507 2071 556 2098 1.1.
575 2079 602 2105 p-
617 2072 660 2106 76.
835 2073 899 2108 (5)
919 2074 996 2101 Bam·
1014 2074 1033 2102 l·
1046 2075 1064 2102 l·
1082 2082 1112 2107 P*-
1129 2077 1177 2109 78.

841 2132 908 2169 Bar
