1930 2448
300 114 337 148 58
584 106 1440 142 -G.C.B.SU'R1NGAR

304 203 353 229 re,
374 200 458 230 atque
483 194 593 223 tandem
622 195 691 224 hanc
713 195 742 224 iu
766 195 889 224 solidum
907 193 1008 222 mutari
1028 194 1161 230 corpus',
1183 194 1379 231 scripserunt,
1402 195 1585 225 consentiens
1610 195 1661 226 111.
1681 197 1806 236 Campe-

308 254 375 280 rns,
404 253 568 281 compagem
599 245 704 275 hancce
735 246 895 283 organicam
920 252 948 275 et
974 246 1087 282 reliquo
1120 246 1180 274 ossi
1207 246 1326 275 similem
1354 254 1441 282 esse,
1478 247 1581 276 addere
1610 256 1670 277 non
1700 248 1812 279 dubitas·-

306 296 348 325 vit
369 295 385 332 C
395 299 469 331 55)-

348 348 397 376 Cl.
420 347 566 384 Ludwigii
595 349 705 386 (56),
734 350 768 378 de
791 349 855 378 calli
880 349 987 378 ossium
1009 348 1128 386 genesi,
1156 349 1279 386 cogitata
1303 357 1531 385 exponeremus,
1562 349 1617 379 nisi
1643 352 1719 380 alius
1744 351 1810 381 Viri

308 398 469 429 Clarissimi
496 399 603 428 mentio
630 407 704 429 esset
730 400 876 437 facienda,
906 401 955 430 Cl.
985 401 1118 430 nimirum
1146 401 1261 437 Louis,
1300 401 1368 436 qui,
1410 401 1538 436 quamvis
1565 401 1664 431 eodem
1694 403 1813 433 nomine

306 459 377 479 usus
403 450 460 485 sit,
484 446 511 478 et
538 451 626 480 eidem
652 442 815 488 provinciae
842 451 1099 488 praefuerit,'non
1127 461 1226 489 parum
1250 458 1363 487 tamen,
1387 452 1481 487 quoad
1503 452 1537 480 de
1561 453 1670 482 ossium
1694 463 1812 492 regene-

308 501 417 530 ratione
442 502 630 538 sententiam,
660 512 676 532 a
698 502 854 539 Ludwigio
879 503 1029 532 dissentire
1053 503 1176 532 videtur.
1217 503 1250 532 In
1272 502 1395 539 partium
1420 503 1584 532 molliorum
1606 504 1739 534 nimirum
1768 515 1814 536 re-

308 553 491 588 generatione
509 553 657 582 refutanda
675 560 831 590 occupatus
853 554 957 590 (57),
981 554 1077 582 eadem
1102 554 1237 583 facultate
1263 563 1328 582 ossa
1352 563 1469 590 quoque
1485 555 1621 585 destituta
1640 565 1722 593 esse,
1743 567 1818 594 pro-⁷

305 603 370 632 bare
395 611 655 640 conat111·;„monet
679 605 753 635 enim
779 605 833 634 Vir
855 604 1064 644 Clarissimus,
1092 605 1207 634 ossibus
1235 605 1355 634 deficere
1374 606 1582 643 ductilitatem,
1603 609 1659 650 qua
1684 609 1818 646 longiora·

306 655 385 684 reddi
409 649 436 683 et
458 662 566 692 partem
593 653 769 692 deperditam
794 656 944 685 restituere
965 656 1098 693 possint,
1120 664 1206 693 atque
1231 666 1298 686 ossa
1315 657 1429 692 itaque,
1452 657 1477 685 si
1501 658 1653 687 fracturam
1679 667 1726 688 aut
1745 660 1815 688 sub-

308 705 427 733 stantiae
453 707 588 743 jacturam
615 715 696 743 passa
723 707 803 743 sint,
826 716 945 736 succum
971 708 1120 744 quemdam
1148 715 1257 737 tantum
1286 708 1414 736 emittere
1441 716 1548 744 posse,
1579 708 1630 743 qui
1650 702 1816 740 concrescat

308 762 335 784 et
355 757 429 785 ossis
453 757 583 786 duritiem
613 758 744 794 accipiat.
785 759 839 788 Per
867 759 973 788 hancce
997 759 1152 796 duritiem,
1184 768 1255 795 quae
1279 760 1329 787 tali
1357 758 1443 787 modo
1465 758 1627 794 formatur,
1658 760 1817 790 substantia

307 807 396 842 partis
425 808 588 843 deperditae
614 808 794 838 functionem
824 810 937 846 quidem
968 812 1079 847 replere
1112 817 1235 846 potest,
1270 816 1411 839 caeterum
1446 815 1540 838 autem
1569 811 1690 839 multum
1720 811 1754 840 ab
1782 813 1819 842 eff

309 857 422 894 differt,
457 867 545 894 quum
568 868 659 889 massa
683 860 815 889 informis
839 861 896 897 sit,
927 862 1005 891 omni
1029 868 1166 891 contextu
1196 863 1349 891 vasculoso
1383 868 1411 889 et
1433 860 1570 897 organico
1588 881 1598 896 ,
1630 862 1755 891 medulla
1788 869 1816 892 et

309 909 470 938 tMnembiani
495 911 662 957 medullari,
691 919 800 955 atque,
830 919 864 941 ut
885 914 980 943 brevis
1008 913 1083 949 sim,
1107 912 1184 942 omni
1213 914 1326 957 textura
1353 912 1436 941 ossea
1461 911 1597 940 destituta
1621 919 1651 942 et
1673 913 1819 952 inorgani·

308 968 342 987 ca
364 960 424 996 (58
437 960 468 997 ).
506 961 574 998 Quo
596 969 762 998 argumento
786 960 906 992 ulterius
933 974 966 993 ex
995 964 1097 993 Galeni
1123 970 1150 993 et
1173 964 1218 992 sui
1240 963 1331 1001 ipsius
1353 969 1448 991 mente
1472 962 1616 998 explicato
1637 964 1745 1002 (59),
1767 975 1815 996 0⁵.

313 1011 387 1038 sium
416 1012 675 1041 consolidationem
700 1014 894 1050 explicandam
925 1015 980 1043 sibi
1004 1015 1092 1044 sumit
1117 1014 1392 1050 observationibus,
1422 1022 1491 1050 quas
1513 1014 1543 1043 in
1566 1022 1718 1046 cervorum
1745 1019 1823 1048 ossi·

312 1061 386 1097 bus,
408 1056 559 1091 fracturam
583 1064 729 1101 expertis,
752 1064 841 1095 vario
853 1072 982 1103 tempore
1008 1064 1133 1094 instituit
1157 1065 1211 1093 VIr
1239 1065 1426 1095 Clarissimus
1448 1065 1552 1102 (60).

312 1138 342 1174 S.
366 1139 395 1168 8.
436 1138 487 1167 Μ.
507 1138 594 1175 Troja
614 1147 687 1177 1775
706 1147 733 1169 ec
754 1143 846 1179 1776.,
881 1141 1005 1171 Callisen
1022 1151 1109 1181 1777.
1148 1142 1242 1172 Tenon
1264 1143 1350 1178 1778.
1385 1140 1488 1170 David
1504 1144 1589 1179 1782.
1617 1143 1713 1174 Parks
1731 1148 1818 1184 1783.

351 1215 437 1245 Plura
453 1215 488 1243 de
507 1216 615 1244 ossium
629 1219 843 1254 regeneratione
860 1218 1051 1256 experimenta
1077 1217 1224 1253 instituit,
1241 1217 1373 1246 Medicus
1389 1216 1598 1254 Neapolitanus
1609 1240 1619 1255 ,
1638 1220 1728 1250 Doct-
1744 1220 1822 1252 Tro-

314 1268 363 1305 ja,
387 1276 508 1303 quorum
535 1259 728 1305 enarrationi,
751 1277 803 1306 et,
827 1270 1006 1299 Tabularum
1026 1278 1104 1307 ope,
1133 1267 1316 1305 explicationi
1342 1269 1514 1304 peculiarem
1537 1270 1661 1306 dicavit,
1690 1271 1821 1313 Lutetiae

313 1318 485 1347 Parisiorum
508 1318 627 1355 editam,
650 1321 929 1361 Commentationem
951 1321 1059 1359 (61),
1088 1329 1171 1357 quam
1194 1320 1280 1356 dein,
1308 1319 1343 1348 ab
1365 1320 1464 1348 eodem
1485 1327 1620 1357 auctore,
1646 1322 1683 1351 de
1695 1323 1756 1352 'hoc
1775 1332 1822 1353 ar-

313 1377 472 1406 gumento,
495 1372 658 1407 conscripta
677 1373 806 1401 insecuta
833 1379 877 1402 est
899 1373 972 1409 alia,
995 1373 1024 1401 in
1049 1372 1131 1401 Actis
1157 1371 1283 1400 Medicis
1308 1370 1453 1399 societatis
1476 1371 1583 1408 Regiae
1605 1373 1748 1404 Parisinae
1775 1377 1818 1405 in·

312 1420 469 1456 venienda,
501 1422 708 1458 scriptiuncula
727 1424 741 1458 <
754 1425 789 1452 62
805 1424 843 1459 ),
875 1432 946 1459 quae
972 1423 1056 1452 etiam
1082 1431 1136 1452 una
1162 1431 1228 1451 cnm
1251 1421 1316 1451 Viri
1343 1422 1434 1451 Doct.
1462 1422 1674 1454 Dissertatione
1698 1425 1728 1455 in
1757 1434 1823 1463 ger·

310 1473 457 1502 manicam
473 1473 599 1510 linguam
625 1475 761 1503 translata
786 1481 829 1504 est
849 1476 913 1512 <63
928 1476 957 1512 ).

1696 1504 1699 1508 ’
1735 1514 1829 1552 Qucd'

346 1581 426 1615 (55)
445 1582 504 1609 Vid.
523 1583 544 1609 1'.
560 1590 585 1608 c.
603 1591 662 1615 pag.
679 1590 737 1616 540.

346 1627 425 1660 (56)
443 1627 519 1654 Vidd.
538 1627 697 1654 Adversaria
714 1628 972 1656 Medico-practica
988 1628 1112 1656 V01.111.
1131 1630 1200 1655 Part.
1213 1628 1235 1656 Ι.
1254 1628 1447 1661 pag.62—66.

344 1672 426 1707 (57)
446 1672 525 1701 Vidd.
543 1675 692 1701 Nouvelles
710 1676 874 1710 Rerum-ques
891 1684 935 1702 sur
957 1677 978 1702 la
997 1675 1143 1709 pretendue
1166 1676 1365 1708 Regeneration
1384 1674 1430 1700 des
1449 1674 1533 1700 chairs
1546 1693 1554 1706 ,
1582 1674 1642 1702 dans
1660 1677 1699 1703 les
1721 1678 1821 1712 plastes:

312 1721 390 1746 ecles
407 1721 523 1747 ulei-res.
559 1721 706 1747 Memoires
723 1721 755 1747 de
772 1722 874 1750 I'Acad.
893 1723 997 1756 Royale
1018 1722 1050 1748 de
1067 1722 1197 1754 Chirurg.
1218 1722 1294 1748 Tom.
1305 1721 1339 1748 V.
1358 1721 1430 1746 Paris
1447 1727 1521 1761 1774.
1541 1729 1599 1754 pag.
1611 1723 1658 1750 128
1671 1730 1756 1757 seqq..

343 1766 420 1801 (58)
439 1767 500 1792 Vid.
519 1768 537 1793 1¹.
557 1774 581 1794 c.
600 1775 659 1800 pag.
677 1775 732 1801 147.
1026 1768 1112 1803 (59)
1132 1768 1197 1795 Vid.
1217 1769 1234 1794 l.
1253 1775 1277 1794 c.
1296 1774 1504 1801 pag.41—150.

344 1812 426 1845 (60)
445 1813 503 1838 Vid.
523 1814 542 1840 1.
562 1820 585 1840 c.
605 1821 828 1848 pag.151-155·
863 1815 1035 1848 Supplement
1054 1815 1089 1841 du
1109 1815 1186 1843 Tom.
1197 1814 1230 1842 V.
1248 1821 1307 1847 pag.
1323 1815 1371 1846 864
1387 1821 1445 1846 seq.

344 1857 395 1890 (61
409 1857 424 1891 )
441 1859 502 1886 Vid.
521 1860 561 1886 M.
579 1860 676 1891 Trnja,
690 1862 729 1886 De
744 1869 874 1887 novorum
884 1863 993 1891 ossium,
1011 1862 1035 1886 in
1053 1862 1164 1893 integris
1183 1868 1210 1887 et
1224 1862 1357 1893 maximis,
1378 1861 1411 1886 ob
1429 1861 1536 1886 morbos
1547 1879 1555 1891 ,
1566 1859 1797 1894 deperditionibus
1806 1882 1822 1897 ,.

310 1906 511 1935 regeneratione
533 1907 732 1939 experimenta,
753 1909 824 1934 Paris
841 1915 913 1942 1775.
948 1909 1049 1934 Alberti
1069 1909 1172 1934 Halleri
1189 1907 1318 1934 Biblioth.
1334 1907 1413 1933 Anat.
1430 1907 1507 1933 Tom.
1519 1907 1553 1934 11.
1571 1909 1692 1941 pag-716
1704 1916 1790 1944 seqq..

343 1949 428 1985 (62)
446 1951 507 1978 Vid.
527 1953 659 1978 Memoire
677 1962 721 1979 sur
737 1955 759 1979 la
774 1954 976 1986 Regeneration
997 1954 1042 1981 des
1063 1962 1111 1986 os,
1129 1954 1190 1980 dans
1210 1953 1350 1980 l'Histoire
1369 1952 1404 1978 de
1419 1954 1443 1978 la
1459 1952 1822 1988 Societennyaledemem

312 1997 398 2023 dicine
409 2015 417 2029 ,
435 1999 518 2022 annee
533 2000 606 2031 1776.
628 2007 686 2031 pag.
703 2007 748 2032 355
759 2008 842 2033 seqq.-

341 2043 424 2077 (63)
443 2043 505 2069 Vid.
525 2044 612 2069 Herrn
631 2045 745 2072 Michael
759 2047 849 2079 Troja‚
864 2047 999 2074 Versuche
1016 2046 1152 2073 iiber-den
1171 2045 1300 2072 Anwachs
1317 2052 1399 2071 neuer
1418 2044 1546 2071 Knochen
1565 2051 1620 2073 etet
1639 2046 1761 2074 mlsdem
1779 2049 1816 2074 laz

316 2091 483 2119 teinischen‚
501 2098 552 2115 von
567 2091 627 2116 Kari
643 2092 754 2118 Gotdob
770 2094 865 2124 Kiihn,
882 2094 963 2119 nebst
977 2094 1046 2120 noch
1065 2094 1139 2119 einer
1156 2091 1251 2118 andern
1276 2099 1319 2117 aus
1340 2091 1398 2117 dem
1418 2091 1620 2117 franzesischen
1638 2093 1812 2121 fiber-semen

311 2137 482 2168 Abhandlung
497 2137 562 2161 fiber
582 2137 649 2162 eben
658 2137 700 2163 die
711 2139 921 2172 selbeMaterie,
937 2140 991 2166 und
1005 2138 1275 2166 einemssv0rbericht
1293 2137 1340 2163 des
1359 2137 1446 2163 Herm
1463 2139 1542 2165 Carl.-
1553 2137 1685 2166 Christian
1696 2140 1823 2173 Krauseff

309 2183 472 2215 strasburg,
493 2183 565 2216 1780.
584 2184 632 2210 80„
