1961 2438
708 84 846 126 'o'R
888 88 986 125 Α”Τ
1029 93 1045 125 1
1088 89 1151 127 0.‘·>
1641 103 1685 142 ¹⁴9

241 180 405 215 ‘Praeterea
429 192 497 214 nou
523 184 631 215 minus
651 181 766 213 'exacte
791 172 875 219 fere,
908 191 1007 224 quam
1040 180 1240 224 planetarum
1273 181 1412 222 orbitas,
1435 184 1533 216 etiam
1563 185 1679 216 Come-

197 245 303 271 tarum
330 251 443 271 cursus
467 238 621 279 definire,
652 244 725 282 post
749 237 979 278 clairautium‚
1016 238 1127 272 docuit
1153 246 1357 284 computatur
1386 240 1439 273 ille
1469 241 1678 285 diligentissi-

194 307 270 328 :mus
292 306 535 330 LAPLACIUS.

236 411 282 442 Ea
315 420 393 442 vero
412 409 481 443 laus
501 410 600 443 seculi
630 409 747 442 decimi
771 412 876 442 octavi
911 411 1115 443 Astronomis
1140 412 1280 444 omnino
1306 418 1357 443 est
1378 411 1569 448 tribuenda,
1602 410 1675 441 illo-

189 479 266 501 rum
292 479 408 511 opera,
438 469 580 500 maximo
626 470 777 501 scientiae
804 476 931 501 nostrae
964 469 1207 508 emolumento,
1240 476 1274 501 et
1294 468 1463 500 Theoriam
1488 475 1520 501 et
1557 467 1673 504 l‘raxin

191 525 260 569 pari
298 526 412 568 utique
443 536 538 569 passu
578 525 770 568 processisse
788 549 799 565 ,
830 533 1043 570 mutuamque
1079 527 1140 559 sibi
1152 551 1160 566 ‚
1190 538 1256 571 qua
1298 526 1476 558 necessario
1509 525 1676 568 indigent,

189 575 283 627 opem
309 583 448 615 invicem
471 582 594 614 tulisse.
640 584 712 626 Ipsa
743 583 935 616 observandi
963 584 1123 617 subtili-tas
1150 585 1185 616 in
1208 583 1401 627 disciplinae
1420 589 1575 626 tanquam
1605 580 1671 613 for-

186 649 274 672 mam
305 639 367 672 fuit
402 639 550 683 redacta,
585 645 619 670 et
655 650 673 670 a
700 639 893 672 Clarissimis
921 641 1031 683 Viris,
1065 641 1174 685 quales
1205 651 1256 673 LA
1284 650 1445 678 LAUDE,
1473 648 1672 675 messum,

185 703 421 737 nauscam,
459 708 508 728 ma
536 707 726 734 LAMBRE,
759 708 1035 739 MASKELYNE,
1067 698 1229 738 Fumi,
1264 698 1503 734 senriorem
1541 705 1669 734 Bone,

183 764 396 793 Bormani),
431 764 513 787 von·
545 764 675 793 zama,
705 764 852 793 GAUSS‚
883 766 1061 795 onnus,
1094 765 1270 792 massan,
1302 764 1428 791 Pom),
1458 762 1668 789 Llrrnow,

182 804 323 854 aliique,
349 821 542 854 magnopere
564 810 699 843 exculta.
722 829 759 837 —·
790 811 869 843 Inde
899 812 1000 855 igitur
1029 812 1271 845 Astronomicae
1299 809 1433 841 luminis
1462 808 1663 840 refractionis

181 867 340 900 theoriam
354 890 364 906 ‚
381 867 535 899 omnibus
559 867 703 911 partibus
721 866 1096 912 absolutam,concipere
1112 868 1210 900 licuit.
1226 881 1272 893 —
1288 866 1367 898 Inde
1389 872 1425 898 ut
1446 867 1663 896 maximorum

181 925 266 958 inter
293 925 457 968 planetas,
482 925 528 957 sic
551 931 584 957 et
611 925 822 956 minimorum
842 936 862 957 e
886 925 1096 966 satellitibus,
1120 923 1354 967 magnitudinis
1376 933 1542 954 mensuras
1569 931 1662 964 agere

179 987 367 1025 potuerunt.
391 999 437 1008 -—
459 980 539 1013 Inde
562 980 741 1021 annulum,
765 992 832 1025 quo
849 981 990 1024 cingitur
1018 983 1196 1020 Saturnus,
1218 990 1236 1011 e
1259 979 1393 1010 diversis
1423 983 1570 1010 constare
1607 987 1663 1008 an-

172 1037 283 1078 nulis,
304 1037 515 1081 eosdemque,
536 1042 569 1069 et
589 1037 732 1081 planetas
752 1048 884 1075 omnes,
907 1038 1009 1069 immo
1028 1043 1059 1069 et
1082 1037 1202 1068 horum
1222 1035 1391 1075 satellites,
1415 1035 1574 1066 rotatione
1596 1043 1655 1064 sua

172 1096 352 1139 circumagi
374 1093 653 1127 observationibus
678 1094 880 1138 exploratum
894 1100 964 1128 rest.
988 1113 1026 1119 —
1048 1093 1128 1127 lude
1154 1094 1307 1134 Veneris,
1339 1099 1375 1125 ut
1395 1095 1527 1130 Lunae,
1550 1092 1655 1133 Topo-

169 1151 341 1202 graphiam
369 1151 549 1185 describere
575 1151 725 1195 contigit.

216 1266 279 1299 Sed
301 1265 381 1311 quid
401 1265 494 1310 plura
514 1275 784 1302 commemorem,
811 1263 913 1297 finem
937 1264 1082 1308 profecto
1105 1264 1194 1297 haud
1215 1262 1305 1296 facile
1327 1263 1530 1295 inventurus.
1576 1261 1651 1291 Duo

171 1330 299 1358 tantum
327 1322 501 1367 adjungam
528 1324 568 1358 A.
579 1323 637 1358 A.!
667 1322 827 1367 praeclara
848 1322 1019 1366 exempla,
1052 1322 1189 1355 alterum
1224 1320 1449 1353 Astronomiae
1483 1318 1655 1356 Raeticae,

166 1385 305 1419 alterum
325 1384 542 1417 Theoreticae.

236 1494 294 1533 Ex
319 1508 385 1541 quo
415 1496 542 1529 coelum
565 1496 728 1528 observari
749 1497 901 1529 novimus
920 1500 1032 1539 quater
1064 1492 1157 1525 mille*
1177 1491 1275 1535 elapsi
1301 1490 1429 1523 fuerant
1454 1489 1550 1526 anni,
1574 1489 1651 1529 qui*

170 1553 234 1586 ‘bus
258 1555 404 1596 quinque
428 1553 500 1585 illos
523 1553 668 1596 planetas
698 1553 868 1596 primarios
896 1549 1109 1595 contemplati
1139 1549 1352 1588 Astronomi‚
1375 1546 1460 1579 ultra
1492 1546 1645 1589 quintum

166 1621 210 1642 ne
235 1607 480 1652 suspicabantur
506 1608 638 1652 quidem
661 1609 776 1641 ullum.

213 1722 263 1755 En
284 1734 362 1755 vero
387 1720 486 1754 seculi
504 1721 620 1753 decimi
648 1723 751 1754 octavi
779 1732 867 1754 anno
893 1721 1090 1764 octogesimo
1106 1720 1213 1764 primo
1244 1728 1405 1751 HERSCH
1419 1727 1536 1749 emus
1556 1715 1645 1748 subi·

168 1788 203 1814 to
222 1792 364 1820 novum,
389 1781 528 1812 Saturno
547 1779 644 1822 longe
663 1779 884 1818 remotiorem,
909 1778 1087 1822 planetam,
1113 1778 1168 1809 vix
1191 1775 1358 1808 cadentem
1382 1774 1444 1806 sub
1471 1773 1640 1805 oculorum

167 1838 370 1883 adspectum,
395 1835 450 1868 sed
475 1826 576 1879 aeque
597 1847 632 1868 ac
661 1837 826 1880 propiores
850 1835 980 1879 Kepleri
1013 1835 1228 1877 'Newtonique
1254 1832 1380 1876 legibus
1414 1830 1641 1873 obtemperan-

165 1902 250 1935 tem,
287 1898 428 1927 Uranum
448 1906 538 1926 nunc
564 1901 700 1935 vocant,
732 1895 858 1938 primus
883 1895 1026 1938 reperit,
1061 1898 1156 1935 atque
1182 1890 1324 1934 stupenti
1346 1890 1521 1920 annunciat
1549 1886 1643 1923 orbi;

164 1963 242 1986 mox
258 1958 290 1983 et
305 1962 358 1983 sex
372 1951 459 1983 hunc
473 1951 633 1995 planetam
651 1952 838 1984 comitantes
849 1951 997 1983 satellites
1008 1974 1018 1990 ‚
1042 1949 1218 1991 itidemque
1236 1949 1410 1978 Saturnum
1424 1947 1612 1976 comitantes
1622 1964 1633 1980 ‚

165 2014 289 2053 praeter
306 2009 451 2052 quinque
470 2015 543 2040 aute
559 2015 654 2040 notos
666 2031 677 2047 ‚
699 2009 789 2051 duos}
800 2011 932 2052 insuper
947 2017 1061 2039 novos,
1073 2021 1118 2030 —-
1132 2006 1192 2037 Vix
1213 2003 1331 2047 viginti
1351 2008 1424 2046 post
1443 2002 1536 2032 annis
1549 2022 1561 2038 ‚
1586 1999 1634 2040 ip·

159 2076 199 2099 so
210 2065 325 2106 seculi,
346 2065 436 2109 quod
451 2066 606 2106 vivimus,
622 2066 731 2106 initio,
751 2066 952 2100 Planetarum
971 2072 1126 2094 numerus
1145 2061 1253 2094 denuo
1270 2066 1384 2092 auctus
1401 2065 1471 2096 est,
1494 2057 1636 2099 primum

903 2121 932 2153 C
960 2131 979 2153 2
1582 2109 1646 2142 Ce-
