1930 2448
343 107 675 143 COMMENTA‘HO
704 119 747 140 AD
777 107 1090 150 QUAESTIONEM
1117 113 1341 144 PHYSICAM.
1566 125 1603 154 27

84 198 256 234 definiatur,
277 195 400 233 primum
424 194 500 224 illam
521 203 706 231 quaeramus,
730 202 814 230 quam
832 193 861 222 in
878 202 909 222 se
924 193 1046 224 invicem
1066 203 1196 226 exercent
1214 203 1320 234 puncta
1334 205 1354 234 g
1374 203 1402 225 et
1420 197 1456 232 k,
1478 197 1507 226 in
1525 204 1602 227 utra·⁷

84 259 144 287 que
163 257 242 286 parte
264 257 316 285 pro
335 247 429 277 lubitu
446 254 558 283 sumta,
581 255 608 276 et
629 255 699 283 quae
717 251 785 274 sunt
801 245 891 273 media
910 245 1029 274 duarum
1048 247 1216 282 portionum
1237 248 1272 284 cf
1285 255 1312 277 et
1333 249 1373 276 hi.

125 302 181 331 Pro
204 300 339 337 portione
362 299 393 327 ln‘
412 299 482 328 duae
506 298 574 327 aiiae
595 304 720 334 possunt
745 296 905 332 substitui,
929 306 1049 332 quarum
1069 300 1156 327 altera
1175 306 1218 328 est
1235 299 1264 328 in
1286 302 1372 336 plano
1392 300 1453 337 1131}
1468 321 1478 335 ,
1500 309 1551 336 per
1569 300 1602 328 li-

83 360 168 383 neam
187 352 223 389 kg
243 357 270 379 et
289 350 453 386 portionem
477 349 511 386 ef
525 355 712 383 transeunte,
735 349 820 376 altera
848 348 916 376 huic
943 350 1029 384 plano
1054 350 1313 385 perpendicularis.
1363 351 1459 389 Hujus
1489 351 1603 380 ultimae

87 401 232 442 portionis
256 401 331 430 actio
350 401 379 430 in
399 400 561 438 portionem
583 400 619 436 cf
630 399 684 428 erit
706 401 802 429 nulia:
826 399 890 429 illae
915 400 988 428 enini
1009 400 1159 436 portiones
1176 401 1205 430 in
1223 402 1333 431 duabus
1351 404 1442 439 planis
1463 403 1520 432 sibi
1540 413 1605 440 per-

83 453 320 493 pendicularibus
345 459 421 482 sunt.
462 452 562 481 Altera
583 451 680 488 portio
699 450 728 480 in
748 452 833 487 plano
853 451 912 489 kgss
931 451 1103 488 decomponi
1123 459 1220 488 potest
1238 453 1267 481 in
1287 454 1355 482 duas
1374 454 1440 483 alias
1453 475 1463 489 ,
1486 464 1606 490 quarum

87 514 144 536 una
164 505 322 534 secundum
340 504 441 532 lineam
459 503 589 540 portioni
610 502 645 539 cf
658 504 839 539 parallelam,
856 504 942 531 altera
956 504 1113 533 secundum
1134 503 1234 533 lineam
1248 505 1290 542 gk
1312 507 1386 534 ultra
1403 507 1418 533 k
1435 508 1606 542 productam

87 557 232 595 dirigitur.
273 555 371 592 Hujus
393 555 509 584 ultimae
529 554 604 584 actio
625 554 654 584 in
674 555 837 591 portionem
857 553 892 590 cf
906 554 998 583 adhuc
1019 556 1097 583 nulla
1118 555 1192 592 erit3
1216 562 1259 584 est
1281 556 1355 584 enim
1381 556 1435 585 sita
1457 556 1486 586 in
1510 558 1606 594 linea,

84 617 161 645 quae
178 606 268 636 media
289 606 456 642 portionum
477 606 584 643 jungit.
628 606 730 635 Omnis
748 607 837 643 igitur
858 607 1003 643 portionis
1020 608 1050 636 lu·
1070 607 1145 636 actio
1165 607 1194 637 in
1219 608 1383 644 portionem
1399 608 1434 645 es
1447 611 1606 639 secundum

87 660 205 694 lineam,
223 657 366 694 portionis
384 656 419 694 ef
428 657 580 687 directioni
599 660 758 695 parallelam
771 679 781 694 ‚
804 661 898 687 locum
916 658 1042 690 habebit·
1071 659 1179 690 Eadem
1199 668 1287 694 quum
1303 661 1482 689 constructio
1502 661 1530 690 in
1549 670 1610 689 om-

78 711 173 741 mibus
189 709 308 746 punctis
329 708 514 737 conductoris
533 710 587 739 CD
605 710 719 739 institui
738 711 852 747 possit,
874 713 958 747 plane
975 712 1042 740 hinc
1064 711 1237 741 concludere
1252 720 1408 747 possumus
1421 733 1432 747 ‚
1454 711 1502 741 illa
1518 713 1608 740 actio-

82 770 123 792 ne
138 761 341 790 conductorem
357 759 408 788 AB
423 760 487 796 cogi
502 761 537 789 ad
554 763 759 792 conductorem
771 763 827 792 CD
844 771 877 792 se
896 762 1210 801 appropinquandum:
1226 769 1312 799 atque
1329 770 1398 793 tunc
1415 764 1476 801 eJus
1491 764 1608 800 planum

78 813 195 843 circum
213 819 394 841 communem
413 812 572 841 sectionem
591 822 654 842 sese
674 815 803 843 movebit
822 816 923 852 (35).

125 864 220 893 Adest
242 871 333 892 autem
355 873 473 900 quoque
492 864 566 893 actio
592 866 725 901 quaedam
753 867 827 896 inter
845 866 994 903 portiones
1014 866 1064 894 h‘i'
1083 872 1112 895 et
1132 866 1167 903 ef
1180 865 1253 903 (fig.
1273 867 1357 902 2033
1379 866 1448 895 haec
1467 865 1542 895 actio
1560 874 1610 895 eoa

85 915 152 945 dem
176 915 264 944 modo
286 915 465 944 determinari
486 922 603 952 po-test3
628 923 656 945 et
673 917 853 947 inveniemus
873 918 1014 947 actionem
1035 918 1179 955 portionis
1199 919 1247 947 h'i‘
1267 919 1297 948 in
1320 918 1483 954 portionem
1502 918 1538 955 cf
1548 919 1611 948 fieri

83 968 245 997 secundum
269 967 369 996 lineam
389 968 459 1004 l‘k',
481 968 654 998 conductori
673 969 725 998 AB
748 971 909 1006 parallelam
922 978 933 998 ;
954 970 1022 997 haec
1040 969 1114 998 actio
1132 976 1226 998 autem
1251 968 1305 997 erit
1328 968 1473 1004 repulsiva
1489 977 1609 1006 propter

85 1019 275 1048 directionem
291 1019 457 1055 oppositam
479 1020 608 1047 fluxuum
627 1019 656 1048 in
675 1020 806 1056 partibus
827 1021 889 1049 LM
911 1026 938 1048 et
958 1019 1030 1051 EM.
1075 1020 1247 1049 Conductor
1267 1019 1318 1049 AB
1340 1019 1429 1056 igitur
1448 1020 1499 1048 hac
1518 1020 1610 1048 actio-

87 1078 125 1101 ne
141 1070 256 1106 cogitur
273 1078 390 1105 quoque
404 1070 442 1098 ad
458 1078 567 1098 motum
588 1079 689 1099 versus
707 1072 913 1100 conductorem
936 1071 1006 1107 CD,
1029 1071 1078 1107 qui
1096 1079 1193 1101 motus
1211 1070 1288 1100 circa
1305 1079 1485 1100 communem
1503 1071 1613 1102 sectio-

85 1129 151 1153 nem
172 1121 226 1150 DE
249 1121 344 1149 locum
365 1121 502 1157 habebit,
525 1121 605 1157 quod
619 1122 703 1158 plane
721 1122 895 1158 experientia
912 1118 1065 1152 confirmat
1088 1127 1099 1154 ι’
1113 1125 1148 1161 36
1158 1125 1186 1161 ).

127 1172 161 1201 Si
188 1171 286 1208 anguli
308 1174 460 1208 planorum
482 1173 692 1202 conductorum
713 1174 764 1202 AB
787 1181 816 1202 et
836 1175 892 1203 CD
914 1174 972 1204 sint
994 1184 1048 1211 pro
1074 1176 1171 1204 lubitu
1196 1175 1304 1211 sumti,
1327 1173 1413 1203 simili
1431 1174 1615 1212 decomposi-

86 1222 170 1253 tione
186 1223 354 1259 portionum
372 1223 445 1252 facta
457 1244 467 1258 ,
489 1224 563 1252 idem
580 1225 633 1253 erit
657 1232 776 1254 eventus
793 1234 824 1254 ac
844 1226 874 1255 In
890 1228 1119 1256 conductoribus
1139 1227 1169 1256 in
1188 1227 1282 1264 planis
1306 1226 1553 1263 rectangularibus
1570 1227 1611 1256 si-

76 1276 138 1306 tis.
180 1276 402 1305 Observandum
416 1284 512 1306 tamen
529 1285 574 1307 est
585 1298 595 1312 ‚
611 1279 817 1307 conductorem
834 1279 890 1308 CD
907 1287 1021 1315 semper
1039 1279 1120 1308 filum
1137 1279 1188 1307 AB
1205 1286 1310 1315 cogere
1328 1278 1363 1307 ad
1377 1285 1487 1307 motum
1505 1279 1614 1309 circum

85 1332 228 1366 punctum
247 1327 274 1355 E
302 1327 326 1356 si
345 1335 438 1363 partes
460 1328 515 1356 ΑΕ
537 1335 564 1356 et
584 1329 634 1357 BE
651 1330 710 1357 sint
733 1331 888 1364 aequales3
910 1330 935 1357 si
952 1338 1022 1358 vero
1048 1329 1214 1365 inaequales
1237 1329 1316 1364 sint,
1338 1337 1452 1365 semper
1466 1330 1540 1367 parti
1555 1330 1611 1359 ΑΕ

78 1381 228 1412 'actionem
246 1381 457 1410 conductorum
477 1388 603 1410 mutuam
621 1381 781 1411 tensionem
802 1381 958 1418 inprimere
979 1380 1015 1408 ad
1031 1388 1094 1408 sese
1111 1378 1358 1408 transferrendum
1375 1379 1405 1409 in
1426 1388 1514 1409 sensu
1533 1381 1589 1410 LD
1602 1402 1614 1418 ‚

86 1439 120 1463 et
144 1432 219 1469 parti
240 1432 290 1461 BE
312 1432 347 1460 ad
369 1431 457 1461 simili
482 1432 570 1461 modo
590 1440 655 1461 sese
679 1431 852 1461 movendum
874 1431 906 1462 in
925 1439 1014 1462 sensu
1037 1431 1093 1461 CD
1107 1451 1118 1468 ,
1139 1430 1171 1461 in
1190 1431 1350 1461 directione
1368 1432 1540 1462 conductori
1557 1433 1612 1465 CL

88 1485 228 1523 parallela
248 1485 263 1520 (
274 1483 349 1521 37).

174 1561 207 1599 ς.
228 1568 257 1597 7.
298 1559 346 1589 De
363 1565 440 1589 motu
457 1559 634 1590 conductoris
652 1559 783 1597 mobilis,
804 1561 836 1589 in
857 1567 961 1589 motum
983 1559 1120 1588 consitat?
1137 1559 1246 1588 actione
1262 1558 1440 1590 conductoris
1458 1559 1528 1596 fixi.

111 1635 198 1668 -Hoc
214 1643 302 1674 caput
318 1636 482 1666 absolutum
499 1644 600 1674 posset
614 1638 731 1674 haberi3
754 1637 799 1667 illi
813 1645 933 1675 quoque
947 1638 1004 1675 jam
1023 1637 1110 1668 finem
1129 1635 1341 1672 imposueram,
1359 1646 1449 1673 quum
1468 1637 1539 1667 mihi
1558 1646 1615 1669 ma-

76 1688 135 1719 ''Y‘iu
159 1688 272 1718 venerit
299 1695 372 1726 pars
389 1689 491 1726 prima
521 1695 594 1717 tom.
617 1698 654 1718 20
681 1689 774 1719 Diarii
799 1690 907 1720 Gallici
932 1691 1059 1719 Annales
1087 1689 1123 1719 de
1146 1689 1254 1719 Chimie
1275 1697 1303 1718 ct
1326 1689 1362 1719 dc
1391 1690 1553 1730 Physique,
1585 1691 1615 1720 in

91 1749 154 1778 quo
181 1742 265 1776 plura
286 1739 480 1769 referebantur
503 1741 717 1777 experimenta„
739 1743 903 1779 nuperrime
918 1751 934 1771 a
954 1743 1021 1771 Cel.
1042 1742 1170 1777 Ampere
1189 1741 1344 1778 instituta,
1367 1748 1395 1770 et
1418 1741 1453 1771 ab
1479 1750 1512 1771 eo
1531 1742 1619 1772 Eiec-

80 1790 320 1828 ⁴tro-dynamica
342 1798 462 1821 vocata:
486 1800 558 1827 quae
582 1800 649 1821 cum
675 1792 744 1821 mihi
766 1793 835 1822 satis
857 1793 951 1832 magni
974 1792 1113 1823 momenti
1135 1791 1325 1830 viderentur,
1354 1793 1402 1822 hic
1428 1794 1530 1823 addere
1551 1801 1615 1824 non

78 1841 237 1873 'dubitavi-

94 1906 97 1908 ·
133 1893 181 1924 Sit
199 1891 274 1932 (fig.
297 1901 331 1923 21
343 1893 359 1931 )
372 1893 491 1924 'ABCD
512 1902 563 1924 vas
579 1895 755 1926 mecanicum
770 1897 911 1928 circulare
923 1918 934 1936 ,
955 1898 985 1929 in
1000 1899 1084 1937 cujus
1097 1904 1200 1928 centro
1215 1897 1345 1928 foramen
1362 1897 1437 1927 abad
1451 1897 1614 1933 invenitur,

77 1950 79 1952 ’
123 1942 127 1946 ’
166 1957 170 1961 ’
1538 1948 1618 1986 quod

74 2006 75 2009 ¹
93 2006 108 2068 ’Δ
132 2025 214 2061 (35»)
240 2026 286 2053 ef.
311 2027 409 2063 exposa
426 2034 474 2056 etc.
499 2029 525 2062 §.
541 2035 586 2063 45.
976 2030 1063 2067 (36)
1083 2031 1142 2060 eff.
1159 2030 1258 2066 Expose
1275 2036 1323 2060 etc.
1342 2032 1361 2059 z.
1379 2033 1400 2060 t.

131 2073 218 2110 (37)
241 2074 287 2103 cf.
304 2075 419 2109 Εκροςέ,
435 2081 484 2104 etc.
511 2077 531 2104 l.
547 2076 567 2103 l.

948 2121 981 2153 ‘D
998 2131 1018 2154 2
