1930 2448
421 118 650 149 RESPONsro
681 125 723 148 An
760 115 1072 156 QUAESTIONEM
1111 116 1439 148 THEOLooicAM.
1652 126 1689 155 39

166 203 328 240 comparari
358 203 474 240 possit,
503 209 595 232 tamen
628 202 663 231 ad
687 200 914 239 perfectiorum,
943 210 1014 238 quas
1041 201 1152 231 Christi
1184 201 1286 239 religio
1316 199 1558 238 praestantissima
1584 199 1687 229 nobis-

168 264 233 284 cum
253 254 496 290 communicavit,
525 254 692 284 notitiarum
718 244 845 283 normam
868 260 896 283 et
928 255 1052 290 regulam
1083 253 1156 290 exigi
1191 259 1348 288 nequeunt.
1393 254 1522 281 Alterum
1561 251 1688 288 pertinet

167 308 203 336 ad
223 307 330 344 scripta
357 306 399 335 N.
422 307 457 336 F.
487 306 522 335 de
557 315 678 342 quorum
701 312 890 343 argumento,
920 312 1059 342 quatenus
1082 304 1197 333 omnino
1222 306 1256 333 ad
1285 303 1451 341 religionem
1475 303 1616 339 pertinet,
1646 303 1690 332 in·

167 359 288 396 terpreti
320 358 530 388 observandum
557 365 621 394 est,
654 359 756 387 multas
788 358 828 386 ibi
853 357 991 386 formulas
1016 355 1183 384 sublimiore
1208 365 1294 385 sensu
1319 355 1468 389 adhiberi,
1491 363 1573 390 quam
1595 355 1625 383 in
1645 354 1687 384 V.

166 410 202 440 F.
244 411 291 440 Ex
322 420 381 447 quo
409 419 512 447 genere
538 416 606 438 sunt
627 409 760 438 notiones
787 411 885 445 vitas,
910 411 1032 443 mortis,
1058 405 1147 443 fidei,
1172 414 1205 436 ut
1231 414 1258 435 et
1281 407 1423 442 Mcssiae,
1444 405 1516 434 Filii
1539 406 1616 435 Dei:
1637 405 1689 434 sed

167 464 251 500 plura
277 463 312 491 de
336 462 381 490 his
402 461 431 491 in
455 460 646 497 sequentibus
671 467 834 489 occurrent.

206 515 286 543 Haec
313 515 349 542 de
371 513 514 549 Analogia
534 511 683 540 doctrinae
707 512 886 548 quaerenda,
905 511 979 548 etsi,
1001 518 1033 540 ut
1050 520 1133 540 nemo
1153 519 1213 540 non
1235 510 1345 545 sentit,
1362 510 1396 538 ad
1417 508 1580 538 adminiculi
1599 507 1692 537 nostri

166 574 252 595 usum
276 574 336 595 non
363 569 515 601 spectent,
536 563 726 592 nihilominus
752 564 956 600 praemittenda
981 563 1176 599 videbantur,
1199 562 1265 598 quia
1282 561 1384 598 partim
1413 568 1509 589 rectus
1533 559 1691 596 Analogiae

166 625 239 646 usus
270 615 389 645 omnino
419 615 484 644 inde
516 615 646 651 pendet,
684 615 788 651 partim
820 615 850 644 in
883 614 1015 643 ulteriori
1052 615 1139 651 liujus
1179 613 1301 642 subsidii
1335 611 1609 646 commendatione,
1642 611 1689 638 his

166 674 249 697 antea
271 667 410 703 monitis,
433 675 477 695 res
506 666 640 695 universa
663 666 749 696 nobis
779 666 892 696 facilius
916 672 944 694 et
968 665 1130 702 expeditius
1149 663 1260 693 definiri
1280 673 1366 700 posse
1386 664 1511 692 videtur.
1549 663 1610 700 Jam
1631 670 1692 690 non

167 719 324 749 verendum
351 718 426 754 erit,
449 727 505 754 ne,
531 725 656 747 assumta
679 719 714 747 ad
737 716 1004 755 interpretationem
1032 716 1179 745 doctrinae
1202 715 1365 752 Analogia,
1388 714 1520 751 Systema
1549 713 1691 749 quoddam

169 771 351 800 decretorum
375 771 422 799 vel
446 770 632 807 dogmatum,
662 770 723 799 sive
747 769 854 808 jamdiu
884 768 951 797 huic
975 767 1053 797 illive
1087 766 1318 797 Christianorum
1355 764 1489 794 Societati
1513 765 1665 801 probatum
1680 784 1691 798 ,

169 823 231 852 sive
254 828 353 851 nostra
385 827 475 850 aetate
497 821 665 856 inventum,
688 830 741 858 pro
770 829 870 850 norma
894 819 1054 856 reperiendi
1076 827 1179 848 sensus
1204 817 1360 852 habeatur,
1382 816 1417 844 ad
1444 825 1526 852 quam
1550 815 1691 853 judicium

168 873 307 911 dirigatur
336 872 367 902 in
398 873 520 909 legendo
550 879 579 902 et
600 871 798 909 intelligendo.
841 871 889 900 Ne
920 878 1012 900 autem
1040 870 1104 906 quis
1131 869 1294 903 existimet,
1323 868 1376 896 hac
1403 867 1600 904 persequenda
1622 866 1691 901 via,

168 926 331 955 universam
354 923 557 960 interpretandi
585 923 724 953 rationem
747 924 882 953 incertam
915 930 943 951 et
965 922 1104 952 lubricam
1133 920 1231 955 reddi,
1254 926 1282 947 et
1313 918 1505 954 scriptoribus
1528 917 1633 946 divinis
1660 925 1691 945 ea

169 986 288 1015 quoque
320 975 415 1011 affingi
444 983 562 1012 posse,
595 974 629 1003 de
659 974 764 1011 quibus
795 984 832 1004 ne
860 984 910 1012 per
941 974 1085 1003 somnium
1114 972 1226 1008 quidem
1262 970 1388 1007 cogitare
1414 969 1588 1005 potuerint,
1622 977 1636 995 e
1662 976 1695 995 re

168 1037 268 1061 nostra
291 1028 344 1057 erit
357 1048 368 1064 ,
387 1035 432 1056 eas
458 1027 568 1056 tradere
590 1025 760 1063 prudentiae
779 1027 878 1063 leges,
900 1034 971 1061 quas
992 1024 1142 1053 observare
1159 1022 1189 1051 in
1208 1021 1348 1050 librorum
1372 1021 1524 1048 Sacrorum
1552 1019 1692 1054 interpre·

167 1081 278 1111 tatione
303 1085 435 1109 teneatur
449 1078 611 1114 interpres,
635 1076 685 1112 qui
700 1076 870 1114 Analogiam
895 1075 1066 1111 doctrinae,
1089 1081 1169 1103 more
1192 1071 1320 1109 legitimo
1345 1078 1372 1100 et
1399 1079 1474 1100 recta
1500 1069 1610 1099 radone
1626 1077 1640 1097 e
1661 1068 1697 1097 li·

169 1132 240 1162 teris
263 1130 357 1160 Sacris
377 1129 527 1165 haustam,
549 1135 632 1157 caute
658 1127 802 1157 adhibeat.

246 1208 277 1245 §.
301 1214 329 1243 3.
370 1204 530 1242 Praecepta
559 1203 700 1242 quaedam
724 1203 921 1241 universalia,
952 1203 1058 1233 directe
1086 1200 1129 1231 ad
1155 1209 1234 1230 usum
1260 1199 1422 1237 Analogiae
1444 1199 1612 1237 spectantia.

207 1284 233 1314 Ι.
262 1283 410 1313 Universe
431 1289 548 1310 monere
571 1280 677 1317 liceat,
702 1280 790 1318 huJ'us
818 1280 982 1311 adminiculi
1015 1288 1100 1310 usum
1126 1285 1307 1314 nequaquam
1333 1276 1476 1314 pertinere
1510 1276 1545 1305 ad
1573 1273 1691 1309 omnia,

178 1344 250 1373 quae
271 1334 358 1363 Sacro
389 1331 504 1362 Codice
526 1333 712 1361 continentur

207 1387 255 1417 Illi
284 1385 398 1422 quidem
414 1404 424 1419 ,
453 1383 559 1419 quibus
583 1383 677 1412 visum
699 1390 763 1419 est,
787 1384 903 1419 onmia,
925 1392 998 1420 quae
1016 1382 1045 1412 in
1073 1381 1182 1411 Codice
1212 1380 1299 1409 Sacro
1334 1379 1440 1416 scripta
1466 1384 1554 1413 sunt,
1578 1384 1694 1406 accura-

167 1438 278 1470 tissime
301 1436 357 1465 sibi
383 1434 505 1464 invicem
532 1434 708 1470 convenire,
730 1442 815 1470 atque
839 1433 973 1463 omnibus
1005 1434 1124 1462 omnino
1151 1432 1223 1462 locis
1252 1440 1298 1460 res
1320 1431 1432 1460 divinas
1453 1429 1589 1465 tractari,
1613 1429 1692 1457 Ana-

167 1489 262 1527 logiae
287 1495 371 1517 usum
397 1486 433 1514 ad
458 1485 573 1521 omnia,
597 1494 669 1521 quae
697 1485 727 1514 in
753 1485 863 1514 Codice
891 1485 979 1514 Sacro
1009 1484 1094 1514 obvia
1116 1490 1203 1519 sunt,
1225 1489 1356 1519 spectare
1379 1487 1564 1510 censuerunt.
1606 1479 1695 1507 Falso>

169 1548 263 1571 tamen
289 1539 329 1567 ita
356 1536 571 1566 existimarunt:
594 1545 680 1566 nemo
700 1536 796 1572 enim,
820 1536 874 1565 etsi
900 1536 1018 1565 omnino
1046 1535 1214 1572 magnifice,
1238 1540 1270 1562 ut
1288 1539 1425 1569 oportet,
1448 1533 1482 1560 de
1509 1530 1618 1560 Codice
1643 1529 1694 1557 Sa-

169 1601 221 1623 cro
249 1595 376 1624 statuat,
398 1587 429 1616 in
455 1587 589 1616 omnibus
617 1587 690 1616 locis
716 1587 799 1623 loqui
819 1586 949 1616 homines
977 1586 1146 1615 auctoritate
1163 1585 1258 1614 divina
1276 1583 1424 1618 munitos,
1445 1583 1587 1611 affirmare
1605 1580 1694 1609 ausit.

170 1644 216 1674 Ea
239 1642 379 1672 librorum
409 1638 562 1668 Sacrorum
589 1639 618 1667 in
645 1647 754 1667 summa
779 1637 939 1675 argumenti
961 1636 1183 1671 convenientia,
1207 1643 1290 1671 quam
1314 1634 1348 1663 ab
1374 1634 1531 1670 interprete
1557 1634 1619 1670 jure
1649 1640 1695 1660 as-

170 1694 246 1725 sumi
266 1689 487 1725 contendimus,
509 1690 545 1718 ad
568 1689 725 1718 doctrinam
748 1696 859 1718 tantum
886 1689 1026 1718 divinitus
1048 1687 1178 1716 traditam
1203 1692 1323 1722 spectat.

208 1744 270 1784 Qui
295 1750 362 1780 ergo
383 1740 552 1777 Analogiam
578 1740 724 1768 doctrinae
751 1747 831 1768 recte
852 1739 986 1774 adhibet,
1009 1739 1038 1766 id
1062 1737 1139 1774 agit,
1162 1743 1193 1765 ut
1212 1735 1457 1765 animadversione
1477 1743 1572 1763 eornm
1586 1755 1595 1769 ,
1621 1742 1695 1769 quae

169 1796 321 1836 perspicue
353 1793 387 1821 de
415 1792 503 1821 rebus
535 1791 570 1820 ad
602 1790 770 1827 religione-m
795 1789 1007 1827 pertinentibus
1041 1788 1143 1818 tradita
1167 1794 1257 1823 sunt,
1280 1787 1347 1816 alibi
1373 1786 1456 1815 dictis
1484 1787 1575 1814 lucem
1601 1784 1693 1813 affan-

169 1850 228 1879 dat.
270 1844 416 1884 Quoniam
434 1843 513 1872 Sacri
529 1842 706 1879 scriptores,
728 1841 875 1871 doctrinae
891 1840 1002 1870 divinae
1019 1839 1150 1874 ratione,
1168 1839 1243 1867 inter
1259 1847 1290 1867 se
1309 1838 1507 1873 conveniunt,
1530 1843 1605 1864 recte
1622 1844 1695 1864 con·

172 1899 336 1931 eludimuS,
362 1894 520 1924 intellectis.
546 1893 601 1929 iis,
625 1902 698 1929 quae
723 1893 758 1921 de
783 1902 813 1921 re
840 1893 935 1928 aliqua
964 1892 999 1920 ad
1025 1890 1171 1926 religionis
1198 1889 1356 1919 doctrinam
1393 1888 1547 1925 pertinenti
1574 1888 1603 1916 in
1631 1895 1694 1915 uno·

170 1953 298 1981 alterove
321 1949 389 1976 loco
414 1945 564 1980 dicantur,
585 1944 712 1981 paralleli
733 1953 850 1979 quoque
874 1944 1015 1980 cujusque
1049 1941 1107 1970 loci
1130 1940 1233 1969 similis
1266 1939 1423 1977 argumenti
1452 1947 1566 1968 sensum
1595 1946 1694 1974 reper-

170 2010 232 2032 tum
249 2009 333 2035 esseg
363 1998 437 2027 falso
461 2005 530 2025 vero
562 1996 662 2024 exinde
692 1995 851 2031 efficiatur,
869 2003 968 2023 verum
997 1994 1141 2031 cujus-que
1168 1992 1224 2023 loci
1245 2001 1360 2021 sensum
1381 1992 1434 2019 hac
1458 1990 1567 2019 ratione
1586 1987 1695 2024 reperi,

170 2054 207 2083 ri.
247 2052 355 2081 Sedulo
380 2048 467 2086 igitur
489 2047 645 2075 cavendum
666 2053 730 2083 est,
752 2055 788 2076 ne
809 2048 959 2083 regulam,
982 2053 1054 2080 quae
1079 2046 1114 2074 ad
1137 2052 1244 2083 partem
1272 2042 1481 2072 tantummodo
1496 2039 1573 2069 Sacri
1600 2037 1691 2067 Codi-

170 2106 212 2135 cis
228 2103 373 2142 pertinet,
392 2101 428 2130 adi
451 2107 539 2129 totam
559 2099 734 2136 Scripturam
753 2097 977 2135 transferamus,
1000 2104 1087 2134 atque
1109 2106 1162 2134 ea,
1183 2105 1256 2133 quae
1278 2095 1364 2132 plane
1382 2094 1574 2128 heterogenea
1596 2096 1687 2122 sunt,

1664 2147 1696 2168 ml

227 2216 253 2240 Φ
