1961 2438
698 127 1084 162 ORATIO.
1588 129 1631 175 ³9

153 222 157 226 ”
198 216 286 251 Ades
322 224 659 251 nnlreuscnxtm
691 214 781 259 (ΒΜ
811 216 869 259 qui
894 214 974 247 festo
1007 217 1108 249 hocce
1144 216 1196 248 die
1232 227 1348 262 agmen
1390 217 1535 259 claudas,
1563 218 1629 261 jam

154 277 266 309 tertius
305 283 413 306 coram
444 285 463 306 e
498 275 606 307 Frisiis
634 277 721 307 meis.
748 293 794 302 —-
830 275 936 314 Quam
972 275 1154 315 Nostrates,
1177 275 1217 307 ab
1252 277 1342 307 inani
1370 276 1522 319 jactantia
1563 283 1628 309 tam

155 334 279 374 alieni,
317 336 384 369 sola
420 347 536 379 nempe
568 332 648 365 facta
679 333 786 364 virum
820 331 956 373 probare
988 339 1192 375 reputantes,
1223 344 1319 376 quam
1349 341 1504 365 nostrates
1528 334 1628 377 igitur

155 392 334 425 Vernacula
374 393 485 437 lingua
525 397 681 434 usurpant
720 400 881 433 gnomen;
944 388 989 426 ‘Hit
1026 388 1049 426 lg
1090 396 1156 426 men
1195 389 1281 427 siggeri
1321 395 1389 421 neat
1429 395 1460 420 tu
1501 390 1624 421 Binum!

154 446 238 481 hanc
256 451 306 481 Tu
328 461 404 481 sane
423 447 570 492 exemplo
594 454 651 479 tuo
678 447 794 491 probas
809 447 944 490 egregie.
1034 448 1081 478 Ex
1101 446 1266 479 Athenaeo
1284 448 1421 478 Frisiaco
1443 453 1516 479 ante
1538 447 1628 479 bien—

154 506 267 545 nium,
299 505 340 538 de
362 505 494 539 meliore
528 511 605 537 nota
626 503 869 536 commendatus
897 503 937 535 ad
961 514 1021 535 nos
1045 505 1213 537 accessisti.
1257 505 1322 535 Nee
1351 503 1460 535 fefellit
1497 504 1629 548 quidem

156 564 424 607 exspectationem
455 569 511 596 ant
547 562 706 594 industria
739 569 793 593 tua
822 568 877 593 aut
902 560 1069 594 modestia.
1115 563 1158 594 At
1187 571 1264 592 vero
1295 572 1384 592 nune
1408 560 1486 603 quid
1513 561 1631 600 valeas,

154 621 424 653 commentatione
452 627 526 659 tua,
559 620 599 652 de
624 618 806 651 adhibenda
837 621 872 651 in
908 619 1013 650 Libris
1046 621 1147 650 Sacris
1182 617 1432 662 interpretandis
1467 618 1632 650 doctrinae

154 668 321 722 analogia,
344 679 390 711 sic
417 678 573 717 docuisti,
597 683 634 709 ut
657 687 772 720 magna
790 687 864 708 cum
887 676 980 708 laude
1002 675 1141 720 palmam
1163 675 1239 707 Tibi
1257 674 1432 707 decreverit
1447 675 1627 718 Theologo-

155 745 228 768 rum
247 735 346 770 Ordo.
380 738 474 768 Hunc
497 737 597 779 igitur
616 734 688 766 Tibi
699 733 856 778 honorem
877 733 1037 777 gratulor;
1056 733 1146 766 trado
1166 733 1255 776 quod
1273 734 1419 767 meruisti
1440 734 1630 778 praemium·

592 890 760 902 '‘a'‘
766 890 796 900 n
802 889 942 900 affl*
948 889 1109 899 ====x
1114 889 1154 899 ἰη

221 1004 571 1046 5019ωηίδυειοεηίε
595 1015 641 1046 sic
665 1014 729 1052 rite
748 1013 901 1056 peractis,
928 1011 1044 1056 quidni
1067 1015 1104 1044 A.
1124 1013 1160 1053 ᾼ.
1180 1012 1219 1044 H.
1235 1009 1288 1042 HJ.
1322 1009 1523 1043 Academiam
1545 1011 1631 1053 Lug-

155 1069 411 1102 duno-Batavam
430 1069 572 1111 felicem,
597 1070 721 1103 beatam
751 1070 991 1114 praedicemus?
1058 1069 1163 1100 Floret
1189 1067 1243 1100 illa
1279 1067 1384 1100 Claris
1418 1066 1632 1106 Ductoribus,

154 1125 249 1158 floret
273 1127 410 1170 egregiis
435 1127 579 1172 profecto
614 1127 784 1168 Alumnis,
816 1129 920 1172 iisque
953 1127 1016 1158 hoe
1038 1137 1125 1158 anno
1157 1127 1253 1158 etiam
1290 1136 1429 1157 numero
1459 1125 1628 1168 insignite!

155 1183 267 1216 auctis.

198 1287 305 1333 Igitur
325 1289 360 1321 in
378 1295 441 1321 tam
460 1289 625 1323 fortunato
649 1290 747 1333 hujus
764 1293 842 1323 anni
859 1290 967 1329 exitu,
990 1299 1130 1322 sunno
1149 1299 1327 1327 numm,
1353 1290 1501 1321 omnium
1525 1301 1633 1322 rerum

155 1344 289 1378 Arbitro
310 1352 342 1378 et
364 1349 509 1386 Rectori‚
533 1349 695 1392 primum,
722 1351 771 1380 uti
790 1358 846 1391 par
864 1354 928 1387 est,
953 1348 1025 1391 pie,
1046 1357 1106 1389 pro
1137 1352 1184 1377 tot
1205 1348 1386 1389 tantisque,
1410 1346 1530 1389 quibus
1553 1347 1639 1380 hanc

158 1402 361 1435 Academiam
387 1403 529 1436 cumulat
550 1403 737 1445 beneficiis,
759 1404 894 1449 dignas,
918 1412 1078 1451 quantum
1101 1414 1292 1448 possumus,
1316 1404 1434 1447 gratias
1453 1404 1579 1447 agimus
1601 1411 1635 1436 et

153 1458 370 1502 persolvimus
391 1471 561 1494 memores.

1526 1505 1638 1545 Proxiff

154 1637 224 1678 (8)
251 1646 297 1671 ez
311 1647 482 1672 RARnus
511 1650 866 1680 aurennscnnn,
888 1642 1068 1680 Theotogiae
1093 1641 1250 1672 studiosus
1280 1642 1313 1672 in
1341 1643 1494 1673 Academia
1516 1642 1638 1680 Lugdu-

249 1692 445 1731 no-Batava‚
475 1695 629 1733 respondit
660 1697 696 1725 ad
721 1696 901 1733 propositam
928 1705 947 1724 a
970 1695 1053 1724 Nob.
1083 1694 1307 1731 Theologorum
1345 1695 1457 1724 Ordine
1493 1694 1636 1731 quaestio-

246 1751 337 1782 nem3
358 1754 420 1782 an,
439 1747 470 1775 in
495 1747 651 1776 Sacrorum
672 1747 830 1778 Librorum
849 1748 1106 1786 interpretatione,
1133 1745 1248 1775 divinae
1272 1747 1309 1774 iis
1334 1745 1465 1774 traditae
1487 1745 1637 1774 doctrinae

248 1796 430 1834 analogiam,
458 1806 544 1836 quam
573 1805 695 1835 vocant,
723 1798 858 1828 adhibere
881 1800 986 1835 liceat,
1015 1805 1043 1828 et
1077 1797 1177 1836 quibus
1200 1796 1375 1836 prudentiae
1407 1796 1513 1834 legibus
1536 1796 1638 1825 horum

247 1849 399 1887 praecipue
416 1848 597 1887 Scriptorum
615 1848 773 1879 adstrictus
787 1852 824 1879 sic
848 1851 1012 1889 interpres,
1038 1859 1073 1878 ne
1091 1849 1271 1887 Dogmaticis-
1292 1849 1404 1887 magis,
1425 1857 1512 1886 quam
1531 1847 1640 1878 Gram—

249 1900 362 1928 maticis
390 1899 551 1929 rationibus
576 1910 604 1930 se
629 1900 696 1929 duci
713 1902 853 1940 patiatur
861 1903 882 1930 ἕ·

285 1976 466 2016 Requt'ritur
486 1986 605 2016 autem,
633 1987 687 2017 ut,
718 1981 770 2019 qui
795 1983 827 2010 in
860 1982 914 2011 hae
942 1980 1112 2010 excutienda
1140 1980 1308 2019 Quaestione
1327 1980 1475 2010 elaborare
1501 1982 1641 2019 cupiunt,

250 2028 470 2059 Hermemuttca
495 2031 549 2059 huc
566 2033 748 2070 pertinentia
774 2039 930 2072 praecepta
954 2032 1087 2062 distincte
1115 2039 1276 2071 exponant,
1302 2039 1328 2062 et
1351 2032 1482 2071 exemplis
1507 2033 1522 2060 δ
1544 2030 1643 2064 Veteri

253 2089 339 2119 aeque
364 2090 398 2111 ac
422 2081 503 2111 Novo
531 2081 705 2113 Testamenta
719 2086 821 2123 petitis
844 2084 991 2115 illustrent
1013 2090 1040 2113 et
1060 2081 1240 2123 confirment.
