1961 2438
362 113 402 155 16
801 114 836 142 Ρ.
888 112 924 141 H.
977 105 1392 140 PEERLKAMP

394 211 472 250 Qua
500 208 533 239 in
562 219 595 238 re
625 207 651 238 si
685 217 752 237 uon
781 204 954 236 erraverim
971 226 981 241 ,
1006 204 1174 234 Curatores
1202 198 1389 231 Academiae
1412 195 1622 234 nobilissimi,
1647 207 1704 228 vos
1731 207 1781 228 me
1803 203 1837 231 et,

359 266 435 298 hacc
453 272 484 296 et
505 264 563 295 alia
582 262 685 294 officia
708 261 840 306 implere
857 266 1046 298 conantem,
1071 264 1175 290 vestro
1194 256 1301 290 favore
1316 262 1349 288 et
1368 253 1588 287 benevolentia
1602 255 1836 297 prosequimini

361 329 392 354 et
413 322 557 352 animum
576 319 751 362 adjungite.

407 379 480 410 Non
506 386 556 407 me
573 376 684 410 latuit,
707 386 747 406 ne
768 374 907 410 credite,
934 385 999 405 non
1024 373 1116 404 latuit
1132 382 1259 404 summa
1282 371 1424 402 muneris
1451 380 1469 400 a
1500 379 1550 399 me
1573 367 1714 400 obeundi
1732 368 1836 410 gravi·

364 440 430 471 tas,
471 443 575 476 neque
610 431 648 463 ad
680 431 763 463 banc
798 429 958 462 docendae
995 430 1143 461 historiae
1181 433 1301 471 partem
1331 429 1373 458 ita
1405 434 1440 458 ut
1469 426 1508 456 ad
1541 424 1699 456 docendas
1729 423 1834 454 literas

369 490 493 523 accessi.

411 548 501 579 Serio
517 552 607 578 antea
625 553 655 578 et
672 556 763 589 saepe
784 555 911 577 mecum
939 543 1048 574 omnia
1069 542 1222 585 perpendi
1250 549 1345 586 atque
1371 542 1473 584 exegi.
1521 542 1653 582 Cogita,
1676 537 1837 576 dicebam,

367 604 415 635 rei
438 603 655 647 suscipiendae
678 603 851 634 novitatem
883 607 915 631 et
950 598 1213 642 amplitudinem3
1236 600 1339 641 cogita
1373 599 1407 630 in
1437 608 1535 641 quam
1561 596 1763 629 Academiam
1793 595 1837 625 sis

367 667 542 699 venturus,
564 662 615 691 cui
632 668 849 695 successurus,
873 667 955 700 quos
979 655 1114 697 collegas
1137 655 1316 687 habiturus.

409 716 581 759 Cogitavi,
610 715 798 758 amplissimi
828 715 1017 749 Curatores,
1053 711 1198 754 mihique
1229 711 1375 742 eundum
1407 720 1474 742 esse
1497 710 1663 752 judicavi,
1687 720 1753 752 quo
1785 719 1836 739 me

362 771 468 804 honos
492 779 524 803 et
553 772 652 815 gloria
683 776 851 807 vocarent,
881 776 1053 813 postquam
1080 767 1236 811 praesidia
1257 768 1566 810 circumspexeram,
1591 765 1710 810 quibus
1734 764 1834 796 fretus

365 829 452 861 ⁴viam
476 828 668 871 ingrederer.
731 863 734 866 Δ

405 885 543 929 Primam
570 896 606 916 ae
629 884 830 927 praecipuam
855 894 944 926 spem
978 883 1012 914 iu
1038 884 1106 913 Deo
1134 882 1170 912 Ο.
1187 880 1236 912 M.
1264 879 1479 924 reponebam,
1502 880 1559 923 qui
1587 890 1639 911 me
1662 882 1697 912 in
1724 879 1834 912 multis

366 941 450 973 'vitae
481 952 567 972 meae
590 942 711 980 rebus,
744 941 852 983 ipsum
880 947 1027 982 agentem
1053 949 1088 969 ac
1113 937 1320 980 vigilantem,
1350 948 1410 980 pro
1437 935 1564 969 infinita
1584 946 1642 968 sua
1671 935 1836 976 bonitate,

364 996 485 1028 auxilio
500 997 681 1029 sublevavit
699 1003 730 1028 et
751 996 884 1038 adjuvit.

408 1053 577 1093 Alterum,
605 1064 673 1096 quo
698 1052 856 1091 fidebam,
889 1051 1069 1090 auxilium,
1097 1057 1201 1082 vestra
1224 1056 1290 1081 erat
1314 1049 1514 1087 humanitas,
1537 1048 1632 1092 cujus
1656 1059 1752 1082 causa
1776 1061 1833 1082 vos

367 1122 436 1143 non
465 1111 574 1143 minus
597 1110 713 1148 amari,
738 1119 836 1153 quam
863 1107 1021 1141 virtutum
1049 1118 1143 1139 causa
1163 1106 1346 1146 observari,
1367 1117 1435 1139 non
1456 1107 1584 1139 incertis
1599 1106 1681 1139 mihi
1697 1110 1834 1140 auctori-

365 1167 427 1199 bus
454 1165 629 1200 constabat.

407 1225 455 1255 De
478 1223 594 1262 tertio,
625 1221 713 1266 quod
739 1221 916 1261 habebam,
947 1220 1162 1260 adminiculo,
1192 1221 1255 1253 hoc
1279 1232 1298 1253 a
1321 1231 1372 1252 me
1397 1222 1465 1263 ipse
1498 1219 1664 1262 petebam,
1697 1220 1760 1253 hoc
1788 1229 1839 1254 esti

366 1292 385 1313 a
403 1280 568 1323 diligentia
588 1286 620 1311 et
636 1279 837 1316 assiduitate,
861 1281 895 1310 in
914 1277 1034 1321 quibus
1055 1278 1136 1310 mihi
1157 1278 1263 1310 adhuc
1282 1277 1499 1316 mediocriter,
1523 1277 1592 1309 aliis
1611 1276 1742 1309 fortasse
1758 1266 1836 1322 pau.

367 1339 399 1370 lo
415 1338 487 1382 plus
505 1335 650 1369 satisfeci.
782 1377 783 1386 ἵ

412 1394 538 1435 Quibus
565 1392 728 1436 praesidiis
741 1415 749 1430 ,
773 1391 946 1423 Clarissimi
966 1390 1183 1432 Professores,
1206 1391 1233 1422 si
1248 1403 1306 1424 vos
1325 1392 1496 1423 amicitiam
1516 1397 1652 1423 vestram
1674 1390 1829 1434 adjunxe-

366 1452 455 1492 ritis,
478 1462 575 1495 quam
593 1460 712 1481 merere
731 1448 895 1487 conabor,
919 1448 1071 1479 meruisse
1096 1455 1127 1479 et
1150 1448 1332 1490 jucundum
1355 1454 1387 1479 et
1399 1447 1576 1490 gloriosum
1593 1453 1625 1480 et
1639 1448 1717 1481 utile
1736 1449 1833 1481 habe-

369 1510 430 1547 bo,
453 1509 572 1539 mirum
600 1508 634 1537 in
656 1505 789 1536 modum
808 1515 877 1535 mea
897 1504 1027 1536 felicitas
1042 1512 1075 1536 et
1095 1504 1212 1536 fiducia
1229 1503 1443 1547 augebuntur.

411 1565 468 1596 His
483 1574 579 1607 porro
606 1563 682 1605 ipsis
712 1568 780 1593 tum
797 1561 879 1592 nihil
906 1561 1013 1593 desisse
1034 1561 1234 1600 arbitrabor,
1263 1562 1377 1603 optimi
1397 1567 1428 1592 et
1454 1561 1647 1604 optimarum
1666 1561 1831 1595 literarum

369 1620 505 1653 studiosi
519 1619 749 1657 adolescentes,
772 1619 800 1650 si
819 1618 901 1656 hoe,
925 1617 980 1648 sed
1005 1618 1099 1649 bouis
1119 1619 1257 1656 artibus,
1283 1618 1489 1661 praestitero,
1515 1625 1550 1649 ut
1573 1625 1675 1650 vestra
1696 1629 1747 1650 me
1772 1620 1838 1650 exi-

369 1678 572 1713 stimatione,
599 1675 680 1713 fide,
702 1682 731 1706 et
761 1685 868 1706 amore
895 1685 962 1705 non
989 1674 1159 1717 iudignum
1186 1686 1254 1706 esse
1275 1674 1484 1708 arbitremini.

411 1733 540 1766 Vulnus
564 1732 653 1775 quod
673 1731 872 1763 acerbissima
892 1737 994 1763 morte
1017 1732 1145 1774 Borgeri
1167 1732 1263 1763 vestri
1283 1732 1462 1774 accepistis,
1487 1741 1619 1769 sanare,
1642 1730 1837 1765 desiderium

369 1789 441 1822 talis
464 1800 500 1821 ae
523 1791 604 1820 tanti
631 1790 692 1819 viri
720 1788 941 1830 exstinguere,
975 1788 1106 1819 reddere
1140 1788 1322 1832 exemplum
1356 1789 1505 1831 ingenii,
1536 1788 1646 1818 omnia
1672 1799 1839 1831 quaecun-

371 1857 435 1889 que
461 1845 573 1884 vellet,
598 1845 859 1888 complectentis,
886 1844 948 1875 hoc
971 1845 999 1875 si
1028 1855 1087 1886 ego
1103 1845 1290 1888 profiterer,
1313 1852 1344 1877 et
1365 1847 1493 1888 ineptus
1515 1848 1598 1884 sim,
1622 1856 1681 1876 nec
1703 1856 1762 1877 vos
1789 1855 1840 1877 me

370 1901 486 1938 feratis,

413 1957 474 1989 Sed
498 1957 638 1998 vulnus,
669 1969 732 2001 qua
756 1959 897 2001 possim,
934 1958 1053 1995 lenire,
1084 1959 1112 1989 si
1134 1958 1263 1990 tandem
1287 1959 1463 1991 cicatricem
1488 1959 1602 1997 ducat,
1633 1957 1688 1989 sed
1714 1957 1837 1990 deside-

372 2014 457 2053 rium
481 2015 644 2057 mitigare,
672 2014 726 2045 sed
754 2015 935 2059 exemplum
968 2015 1064 2058 longe
1093 2016 1204 2059 sequi,
1237 2015 1299 2047 hoc
1326 2026 1377 2047 me
1407 2015 1611 2059 profitentem
1648 2020 1680 2045 et
1715 2013 1838 2054 seratis,

371 2075 403 2101 et
429 2068 595 2103 facientem
618 2070 786 2114 adjuvetis.

1730 2127 1841 2166 Quan-
