1961 2438
323 125 362 151 12
830 108 1284 145 C.EKAMA

327 201 515 247 explicando
554 200 697 233 sufficere
726 199 892 232 inveniret.
943 200 1011 230 Hoc
1034 197 1133 229 nixus
1155 194 1316 240 principio
1350 192 1548 237 reliquorum
1577 204 1709 238 quoque
1728 195 1795 239 pla.

328 268 474 293 netarum
496 257 608 290 orbitis
635 255 822 298 indagandis
841 265 971 299 operam
996 253 1094 286 dedit.
1119 269 1164 278 --
1193 253 1427 283 Universorum
1453 251 1551 294 igitur
1573 258 1604 283 et
1633 252 1791 284 distantiis

327 319 410 349 inter
436 327 489 355 se,
509 321 557 353 et,
582 312 700 356 quibus
727 312 846 355 singuli
870 322 999 343 cursum
1024 310 1230 349 conficiunt,
1259 306 1458 350 temporibus
1493 308 1630 340 invicem
1663 319 1792 352 compa-

327 375 421 411 ratis,
454 378 549 415 quam
583 370 720 401 habeant
747 375 892 400 mutuam
918 369 1075 400 rationem
1100 373 1164 398 tam
1195 372 1283 397 certo
1318 363 1454 395 definire
1482 364 1543 407 ipsi
1573 367 1733 408 contigit,
1758 372 1795 398 ut

326 440 456 462 omnem
480 427 646 461 coelestem
670 432 794 457 motum
815 425 916 456 tribus
928 424 1106 456 enunciatis
1128 420 1432 465 comprehenderet,
1455 420 1594 463 Legibus
1618 421 1682 452 illis
1697 424 1794 454 Natu—

326 497 378 518 rae
402 484 583 530 perpetuis,
619 493 699 527 quas
721 482 905 514 etiamnunc
925 480 1130 524 Keplerianas
1152 478 1374 513 venerabundi
1407 478 1566 523 appellant
1596 478 1795 518 Astronomi.v

371 600 420 633 Ita
448 597 624 642 systematis
646 595 814 640 planetarii
843 594 967 633 Solem,
999 600 1036 626 ut
1060 605 1232 626 commune
1266 600 1433 632 centrum,
1465 594 1636 626 ambientis
1668 596 1797 628 univer-

328 668 395 690 sam
414 656 580 688 constituit
603 654 771 686 theoriam.
817 652 945 684 Orbitas
969 651 1248 683 observationibus
1272 650 1449 682 definiendi
1468 651 1655 683 methodum
1677 651 1796 684 docuit.

326 717 434 746 Lunae
463 712 634 744 anomalias
657 721 675 741 e
700 709 782 741 Solis
810 711 995 741 attractione
1018 708 1189 752 explicuit,
1214 715 1246 740 et
1273 714 1425 752 tanquam
1444 719 1650 740 communem
1680 720 1797 752 corpo·

329 779 401 801 rum
424 768 664 811 gravitationem
686 767 922 809 praesentiens,
952 776 969 796 a
988 771 1099 796 mutua
1123 767 1206 796 inter
1227 765 1334 797 Solem
1365 764 1525 796 Tellurem
1546 767 1736 808 Lunamque
1756 771 1801 796 at-

327 826 480 857 tractione
505 824 630 855 fluxum
654 821 877 864 refluxumque
897 822 993 853 maris
1016 820 1159 853 deduxit.
1214 822 1303 862 Quin
1328 822 1435 864 ipsum
1468 820 1574 852 Solem
1601 823 1683 852 circa
1706 831 1798 853 axem

327 882 474 920 revolvi,
506 879 595 923 quod
624 878 901 911 observationibus
931 886 1042 923 postea
1077 878 1247 919 constitit,
1275 877 1329 910 ille
1365 877 1507 922 physicis
1539 876 1720 910 rationibus
1749 880 1800 912 ine

326 938 444 970 ductus
471 937 596 980 primus
618 937 738 968 statuit.

392 1106 543 1153 Insignes
571 1110 619 1142 sic
643 1120 830 1153 progressus
867 1111 902 1142 in
938 1121 972 1142 re
1004 1109 1230 1144 Astronomica
1263 1107 1363 1140 factos
1401 1106 1547 1139 videmus
1583 1106 1624 1139 A.
1644 1105 1704 1139 A.!
1733 1105 1802 1137 solo

327 1164 393 1196 fere
423 1166 576 1198 hactenus
595 1177 798 1199 summorum
814 1168 969 1200 Virorum
986 1167 1110 1209 ingenii
1129 1165 1276 1197 acumine
1290 1188 1300 1202 ,
1324 1163 1391 1196 sola
1411 1163 1625 1195 ratiocinandi
1651 1162 1798 1195 sollertia.

329 1220 416 1260 Quid
438 1228 544 1263 posset
569 1224 739 1265 praestari,
764 1224 792 1254 si
816 1223 1002 1265 longissime
1030 1227 1154 1253 remota
1183 1220 1330 1252 coelestia
1356 1231 1510 1264 corpora,
1540 1221 1644 1252 visum
1678 1226 1804 1251 tantum

329 1288 398 1309 non
427 1276 599 1320 fugientia,
624 1279 725 1311 oculis
750 1281 841 1323 quasi
869 1281 1002 1322 propius
1027 1290 1156 1311 cernere
1190 1286 1221 1310 et
1242 1278 1413 1310 observare
1436 1278 1592 1308 daretur?
1640 1279 1688 1308 En
1710 1275 1803 1308 vero!

335 1334 376 1365 ad
399 1341 518 1365 tantam
538 1335 739 1377 felicitatem,
762 1348 838 1369 mox
859 1338 951 1369 initio
978 1337 1076 1369 seculi
1096 1336 1211 1368 decimi
1236 1335 1385 1377 septimi,
1419 1344 1588 1376 nunquam
1612 1333 1687 1364 satis
1715 1343 1804 1376 prae-

330 1391 466 1422 dicando
491 1391 709 1424 Providentiae
729 1394 864 1424 Divinae
885 1405 1017 1426 munere
1030 1417 1040 1432 ‚
1065 1393 1187 1425 aditum
1206 1393 1330 1436 aperuit
1348 1392 1525 1436 Telescopii
1550 1393 1694 1425 inventio
1707 1415 1718 1431 ‚
1744 1403 1802 1424 cu-

330 1445 384 1486 jus
408 1447 541 1478 omnino
561 1447 630 1480 laus
656 1451 777 1481 Patriae
803 1457 928 1482 nostrae
948 1451 1102 1483 debetur:
1126 1453 1193 1482 sive
1216 1461 1317 1482 ZAcn
1333 1460 1461 1482 ARIAE
1485 1460 1710 1488 JOANNJDl,
1740 1450 1808 1481 Me.

331 1500 540 1544 dioburgensi
565 1512 659 1545 atque
687 1504 835 1539 soA'NNI
867 1519 1047 1541 LApnmo
1080 1508 1131 1540 vel
1160 1517 1428 1544 LlppnnussY,
1458 1508 1525 1538 sive
1552 1509 1660 1550 potius
1689 1516 1808 1540 JAcou

330 1567 379 1589 Bo
401 1568 575 1591 Ananim
599 1558 687 1599 filio,
714 1563 935 1604 mamanensi,
960 1565 1036 1596 clari
1059 1575 1178 1597 mern
1198 1564 1312 1604 fratri,
1339 1563 1510 1598 tribuatur.

374 1675 467 1706 Tanti
488 1675 605 1707 scilicet·
638 1677 761 1709 inventi
779 1688 892 1709 rumor
911 1689 986 1709 cum
1015 1688 1089 1708 mox
1110 1676 1250 1720 perlatus
1269 1683 1349 1708 esset
1377 1679 1411 1708 in
1436 1676 1560 1709 Italiam
1584 1677 1623 1709 ad
1642 1666 1798 1721 Magnum

333 1740 601 1773 αΔιιιΑευΜ,
626 1734 683 1764 Hic
701 1744 766 1776 quo
786 1740 852 1764 erat
877 1734 1027 1776 ingenio,
1050 1741 1081 1765 et
1103 1735 1168 1777 ipse
1189 1733 1317 1764 Tubum
1347 1736 1515 1773 Batavum,
1539 1742 1574 1766 ut
1601 1741 1679 1767 tunc
1709 1748 1802 1768 voca-

335 1783 448 1822 batur,
470 1791 675 1826 construxit,
700 1789 790 1820 coelo
808 1789 950 1820 admovit
974 1790 1117 1832 primus„
1141 1791 1344 1828 emendavit,
1370 1791 1530 1834 hujusque
1550 1804 1610 1835 ope
1630 1793 1799 1835 praeclaris
1944 1773 1947 1822 i

335 1839 484 1882 deinceps
505 1844 670 1875 scientiam
692 1852 833 1876 nostram
853 1846 1129 1878 observationibus
1155 1849 1264 1886 auxit,
1289 1847 1328 1879 de
1350 1849 1400 1879 via
1431 1849 1551 1887 lactea,
1575 1850 1613 1881 de
1643 1851 1809 1883 montibus

335 1895 460 1933 Lunae,
482 1896 521 1927 de
539 1906 676 1940 quatuor
694 1902 781 1932 Jovis
793 1902 997 1942 satellitibus,
1012 1911 1102 1935 antea
1116 1905 1254 1945 ignotis,
1271 1904 1310 1935 de
1329 1905 1460 1935 maculis
1481 1906 1581 1946 Solis,
1598 1907 1702 1950 deque
1727 1908 1806 1950 pha-

334 1950 424 1983 sibus
442 1954 589 1986 Veneris:
615 1962 649 1986 ut
665 1963 824 1999 praeterea
841 1969 1014 2002 corporum
1035 1960 1216 1992 cadentium
1237 1961 1401 2004 gravitatis
1420 1961 1519 2005 legem
1535 1964 1658 2005 primus
1673 1964 1802 2006 reperit.

1700 2138 1707 2143 -
1743 2092 1813 2134 lpse
