1930 2448
309 130 345 157 ,g
548 120 841 153 nouoswrm
863 118 1067 150 DONKER
1089 119 1316 152 CURTIUS
1338 131 1382 152 w.
1406 130 1435 151 n.
1458 130 1584 160 mn,

312 209 387 245 quod
408 216 463 245 ope
481 205 670 235 obturnnienti
688 202 802 232 suburei
818 202 911 230 claudi
928 208 1036 238 potest.
1065 202 1119 231 Per
1135 202 1207 231 illud
1223 203 1453 234 obturamentum
1471 205 1570 234 transit
1586 205 1664 234 iilum
1681 214 1818 243 cupreum

311 261 394 295 Α,Μ,
416 261 499 296 cujus
517 256 708 285 extremitates
726 255 860 290 capsulas
880 253 909 281 N
932 260 959 281 ct
979 253 1019 281 N‘
1039 253 1147 283 ferunt.
1188 253 1221 283 In
1240 257 1356 291 capsula
1375 257 1522 292 superiore
1544 257 1585 284 N'
1606 258 1706 294 mergit
1727 267 1821 294 puuc-

314 320 372 341 tum
384 332 393 346 ‚
415 310 492 338 silum
511 308 714 336 conductorem
732 313 868 341 cupreum
881 304 963 333 FGH
976 302 1141 339 sustinens,
1160 305 1239 339 quod
1254 306 1333 334 illum
1348 305 1377 334 iu
1395 307 1509 342 punctis
1533 307 1553 335 F
1575 314 1603 336 et
1625 308 1670 342 11,
1693 316 1736 337 est
1754 318 1821 338 cur·

316 370 434 397 vatum,
457 368 483 388 ct
502 360 530 389 in
547 358 663 395 punctis
683 358 708 387 E
731 365 758 386 ct
779 359 791 387 1
811 357 921 386 circulo
937 357 1037 386 mobili
1055 364 1161 393 cupreo
1181 355 1250 384 EKI
1270 356 1414 393 jungitur.
1454 358 1501 385 Ad
1519 366 1604 386 unum
1624 359 1697 387 vasis
1713 360 1820 389 ABCD

313 418 388 444 latus
407 412 552 441 invenitur
572 410 689 446 capsula
704 408 775 444 N''‚
798 417 861 436 cum
883 407 933 436 illo
954 415 1021 436 vase
1046 407 1096 436 filo
1121 406 1261 435 metallico
1286 408 1404 444 juncta;
1427 407 1461 435 ad
1489 409 1561 436 latus
1584 409 1754 445 oppositum
1768 410 1823 440 alia

316 471 360 494 est
379 464 494 500 capsula
514 461 592 496 N'‘',
628 468 698 496 quae
725 467 787 487 cum
812 465 874 487 toto
899 464 1035 494 apparatu
1058 457 1216 486 sustinetur
1241 458 1336 486 tabula
1357 458 1449 494 lignea
1472 458 1541 493 Rs,
1562 459 1644 487 etiam
1670 460 1700 488 in
1721 467 1821 490 centro

315 515 482 553 perforata,
505 520 537 541 ut
560 512 640 541 filum
656 511 719 540 LM
740 518 857 546 quoque
875 517 926 545 per
944 507 1020 537 illam
1039 515 1141 544 posset
1157 508 1286 538 transire.
1325 509 1399 539 Tres
1423 511 1558 540 cochleae
1580 511 1627 546 O,
1650 510 1705 547 O‘,
1727 519 1755 540 et
1774 511 1823 541 Ο”

313 566 476 597 inserviunt
491 565 526 594 ad
543 569 706 601 apparatum
723 570 809 598 supra
826 560 949 589 tabulam
970 559 1192 596 pei-librandum.

356 618 532 647 Conductor
547 616 623 644 fixus
636 620 679 643 est
696 613 774 642 silum
788 611 987 641 tenuissimum
999 633 1008 648 ,
1021 613 1113 642 scrico
1126 613 1288 643 involutum
1300 633 1310 650 ,
1324 621 1351 644 et
1361 614 1390 643 in
1405 615 1517 651 spir-alis
1529 614 1648 642 formam
1659 620 1823 644 contortum

315 674 338 703 F
349 695 358 709 ‚
370 672 415 707 F',
427 672 468 700 F‘'
479 670 550 707 (fig.
567 669 649 705 22),
670 668 753 704 cujus
771 666 843 693 duae
862 665 1052 694 extremitates
1063 675 1118 702 ope
1134 665 1299 695 laminarum
1316 674 1483 702 cuprcarum
1505 666 1577 693 FN⁰
1591 673 1618 694 et
1631 666 1741 694 F‘''N‘'‘
1758 674 1823 694 cum

315 723 443 761 capsulis
460 722 509 750 N'·‘
521 728 548 749 et
557 716 848 748 N'“communicant.
872 715 903 744 Si
918 724 995 745 nunc
1013 720 1145 754 capsulae
1159 717 1300 746 mercurio
1311 738 1320 752 ‚
1337 725 1364 745 et
1382 726 1431 746 vas
1450 726 1521 752 aqua
1531 717 1669 746 acidulata
1687 718 1826 754 implean-

317 783 386 810 tur,
403 781 489 809 atque
505 769 689 800 eXtremitatis
708 766 852 797 interior-Is
869 767 980 802 spiralis
992 768 1124 797 laminaF
1136 768 1165 797 in
1182 769 1297 803 capsula
1315 767 1383 802 N¹¹‚
1405 771 1415 798 (’
1422 766 1474 804 fig.
1488 776 1523 796 21
1537 769 1552 804 )
1564 789 1574 803 ‚
1588 769 1710 796 etaltera
1722 768 1825 798 lamina

317 826 370 854 1⁷⁰¹
390 825 420 854 in
444 824 560 860 capsula
579 822 637 850 N‘'‘
656 821 838 856 imponatur,
861 825 889 846 et
905 818 929 846 si
948 820 1063 854 capsula
1083 819 1141 847 N‘'‘
1157 828 1222 848 cum
1238 818 1412 847 extremitate
1428 819 1560 855 negativa
1577 819 1650 855 pilae
1667 818 1826 847 communii-

314 883 381 912 eet,
403 884 434 904 ac
450 875 567 910 capsula
584 873 614 900 N
638 880 703 900 cum
723 869 898 898 extremitate
918 868 1064 905 positiva,
1085 871 1180 899 fluxus
1198 879 1250 907 per
1270 870 1350 899 filum
1370 869 1432 898 LM
1454 870 1601 899 adsccndit
1621 870 1656 898 ad
1678 871 1824 906 capsulam

312 928 374 963 N‘,
394 925 490 963 prodit
505 925 539 953 ab
559 930 683 959 utroque
701 922 788 959 hujus
805 922 939 958 capsulae
955 922 1041 949 latere
1057 921 1087 950 in
1103 922 1280 950 conductore
1300 921 1382 950 FGH
1394 943 1404 957 9
1427 921 1572 950 descendit
1594 930 1646 957 per
1665 921 1711 950 fila
1728 921 1778 949 FE
1796 926 1824 950 et

310 979 358 1008 HI
377 978 407 1007 in
425 977 562 1006 circulum
582 973 717 1003 mobilem
738 971 807 1001 IKE
820 993 830 1008 ,
852 971 954 1001 transit
972 980 1023 1007 per
1040 981 1140 1008 aquam
1158 973 1325 1002 acidulatam
1343 973 1377 1002 ad
1396 973 1539 1008 capsulam
1561 978 1572 1000 t
1592 972 1610 984 '¹
1631 979 1659 1000 et
1683 979 1733 1008 per
1750 972 1826 1002 hanc

312 1027 435 1068 profluit
459 1028 489 1056 in
513 1026 644 1062 spiralem
667 1025 701 1052 ab
719 1023 854 1052 interiore
875 1023 910 1051 ad
930 1023 1100 1052 exteriorem
1121 1024 1346 1060 extremitatem,
1370 1032 1443 1059 quae
1459 1033 1518 1060 ope·
1528 1024 1660 1059 capsulae
1677 1022 1736 1051 N'''
1759 1031 1828 1051 cum

315 1079 494 1110 extremitate
509 1077 640 1113 negativa
659 1075 732 1111 pilae
753 1075 956 1104 communicat.
998 1074 1141 1104 Omnibus
1160 1075 1199 1104 ita
1218 1075 1367 1111 dispositis
1379 1096 1389 1110 ,
1411 1075 1550 1103 circuitus
1565 1081 1608 1103 est
1623 1073 1828 1109 constitutus,

310 1140 342 1161 ac
361 1130 454 1159 statim
470 1129 631 1158 conductor
649 1125 764 1155 mobilis
786 1134 848 1154 sese
865 1134 955 1162 supra
969 1133 1108 1162 punctum
1123 1127 1152 1155 G
1171 1136 1288 1156 movere
1304 1126 1404 1163 incipit
1427 1115 1488 1164 (38
1500 1127 1524 1162 ).

350 1181 443 1212 Facile
467 1179 547 1208 hicce
566 1185 666 1206 motus
687 1185 721 1205 ex
747 1176 984 1212 praecedentibus
1011 1177 1181 1212 eprIcatur.
1224 1178 1290 1206 Sint
1311 1182 1320 1208 (
1329 1176 1382 1214 fig.
1405 1182 1468 1214 23)
1489 1178 1514 1206 C
1535 1183 1562 1204 et
1582 1177 1610 1206 D
1631 1176 1830 1215 proJectiones

308 1232 519 1262 conductorum
540 1229 588 1257 EF
610 1234 639 1256 et
659 1227 703 1256 HI
724 1225 797 1264 (fig.
821 1229 883 1263 21)
897 1248 907 1262 ,
930 1233 957 1255 et
978 1227 1035 1255 HG
1057 1234 1085 1256 et
1105 1228 1154 1256 FE
1176 1226 1245 1265 (fig.
1268 1228 1332 1265 23)
1353 1227 1502 1264 portiones
1517 1227 1648 1263 spiralis,
1667 1227 1747 1256 hisce
1768 1226 1826 1255 filis

308 1282 470 1320 proximae:
493 1279 622 1308 attractio
639 1280 736 1307 locum
753 1277 870 1306 habebit
895 1277 969 1306 inter
988 1278 1096 1306 fluxum
1121 1279 1340 1307 descendentem
1361 1278 1402 1306 fili
1418 1279 1445 1307 D
1466 1284 1493 1306 et
1509 1277 1670 1314 portionem
1689 1278 1737 1306 BF
1749 1298 1766 1312 ,,
1781 1285 1828 1305 re·

308 1333 408 1370 pulsio
427 1332 501 1360 inter
521 1330 639 1358 eundem
663 1330 774 1357 fluxum
794 1335 821 1356 et
846 1329 1006 1364 portionem
1027 1330 1098 1365 8123
1121 1330 1217 1358 fluxus
1235 1330 1263 1358 D
1286 1329 1359 1358 enim
1380 1329 1415 1357 ad
1437 1328 1538 1357 lineam
1556 1328 1607 1356 AB
1628 1327 1756 1363 accedit,
1783 1327 1827 1356 uti

307 1383 391 1412 etiam
412 1383 507 1410 fluxus
533 1379 676 1417 portionis
699 1379 768 1408 BF:
795 1379 892 1415 portio
916 1385 1009 1407 autem
1029 1380 1078 1408 BE
1100 1380 1134 1408 ab
1159 1380 1208 1408 illa
1230 1379 1302 1408 linea
1326 1379 1463 1407 discedit:
1485 1379 1515 1407 in
1533 1377 1632 1415 primo.
1646 1378 1734 1414 igitur
1757 1387 1826 1407 casu

304 1434 383 1462 actio
402 1440 446 1461 est
460 1431 608 1460 attractiva
619 1451 629 1465 ,
651 1431 680 1458 in
696 1431 788 1460 altero
805 1438 874 1458 vero
894 1430 1049 1466 repulsiva.
1089 1430 1202 1459 Eodem
1220 1430 1307 1458 modo
1327 1429 1458 1459 attractio
1475 1429 1564 1458 aderit
1581 1432 1656 1458 inter
1672 1430 1781 1458 fluxum
1798 1429 1827 1458 C

305 1492 335 1512 et
354 1483 515 1520 portionem
537 1481 596 1510 AG
610 1502 620 1516 ‚
641 1481 767 1516 repulsio
797 1481 872 1510 inter
890 1481 1008 1509 eundem
1031 1481 1139 1509 fluxum
1164 1488 1191 1509 et
1210 1481 1371 1517 portionem
1398 1480 1470 1509 AH.
1510 1481 1554 1509 Vir
1571 1480 1718 1509 attractiva
1737 1480 1824 1517 igitur

303 1533 447 1572 portionis
464 1532 511 1561 BF
523 1552 532 1567 ,
555 1539 582 1562 et
598 1531 742 1567 repulsiva
758 1532 900 1568 portionis
921 1532 972 1560 BE
994 1531 1023 1560 in
1041 1532 1148 1560 fluxum
1171 1533 1198 1560 D
1213 1552 1222 1567 ,
1245 1531 1291 1559 hic
1310 1532 1406 1561 fluxus
1425 1539 1526 1559 versus
1548 1538 1656 1567 partem
1676 1531 1723 1560 BF
1739 1521 1828 1568 pelle-

305 1592 375 1620 πυτς
400 1585 452 1612 hac
474 1583 549 1611 vires
567 1583 658 1611 adhuc
677 1589 818 1617 augentur
833 1583 944 1611 viribus
966 1582 1120 1615 attractiyis
1139 1582 1280 1619 portionis
1300 1582 1356 1611 AG
1377 1588 1403 1609 et
1421 1582 1575 1618 repulsivis
1598 1581 1740 1618 portionis
1764 1581 1826 1611 ΛΗ

287 1634 340 1664 dn
366 1636 474 1664 fluxum
495 1634 542 1669 C,
568 1633 618 1668 qui
640 1633 723 1661 etiam
750 1641 813 1661 sese
836 1642 937 1662 versus
961 1640 1067 1669 partem
1092 1633 1144 1662 FG
1167 1633 1292 1662 movebit
1303 1654 1319 1669 ,q
1336 1633 1366 1661 iu
1388 1633 1502 1662 eandem
1527 1632 1616 1668 igitur
1636 1632 1824 1662 directionem

308 1695 340 1714 ac
362 1687 457 1714 fluxus
477 1685 516 1714 D.
551 1684 648 1721 Quum
666 1692 735 1712 vero
754 1684 823 1712 haec
841 1685 936 1712 omnia
961 1683 1046 1712 simili
1064 1685 1149 1712 modo
1175 1684 1244 1714 fiant
1260 1684 1290 1713 in
1309 1684 1619 1719 quacunquefluxnum
1638 1684 1664 1712 C
1683 1684 1755 1714 etssD
1771 1691 1825 1720 po·

307 1736 414 1765 sitione
434 1736 470 1764 ad
487 1734 617 1771 spiralem
630 1755 640 1770 ,
663 1734 705 1764 illi
722 1734 817 1763 fluxus
831 1734 860 1763 in
879 1741 988 1764 motum
1004 1735 1173 1763 uniformem
1191 1735 1367 1763 deducantur
1382 1743 1498 1763 necesse
1519 1740 1563 1763 est
1581 1735 1679 1771 (39).

345 1786 489 1816 Omnibus
515 1787 565 1815 hac
595 1786 624 1816 in
658 1785 803 1822 positione
829 1785 1009 1814 manentibus
1028 1807 1039 1821 ‚
1072 1786 1098 1815 si
1123 1787 1283 1815 conductor
1313 1786 1388 1815 fixus
1417 1785 1628 1814 semicirculum
1656 1784 1820 1821 describat,

305 1838 345 1866 ita
368 1845 401 1866 ut
427 1837 530 1866 lamina
554 1837 575 1864 F
603 1836 764 1873 imponatur
797 1836 826 1863 in
847 1837 961 1870 capsula
983 1836 1060 1871 N“',
1088 1843 1115 1864 et
1137 1837 1238 1866 lamina
1260 1837 1310 1865 ΡΨ
1330 1837 1359 1865 in
1384 1838 1498 1872 capsula
1528 1835 1597 1870 N“‚
1626 1835 1746 1865 directio
1767 1836 1823 1865 flu-

305 1897 394 1918 xuum
415 1888 444 1920 in
461 1889 642 1916 conductore
658 1886 761 1916 mobili
779 1887 874 1915 cadem
900 1887 1042 1923 mauebit,
1064 1887 1093 1916 in
1115 1887 1217 1924 spirali*
1241 1877 1337 1917 autem
1354 1894 1496 1922 mutatum
1519 1894 1607 1922 quum
1637 1886 1711 1915 enim
1742 1893 1823 1918 antea

304 1940 400 1970 fluxus
416 1939 450 1967 ab
472 1937 602 1968 interiori
620 1938 656 1966 ad
673 1936 844 1967 exteriorem
863 1938 1066 1968 extremitatem
1083 1938 1234 1976 prodiret,
1253 1947 1329 1970 nunc
1345 1938 1379 1967 ab
1397 1937 1535 1970 exteriore
1551 1943 1632 1975 parte
1648 1937 1683 1968 ad
1699 1937 1823 1967 interio-

1764 1995 1823 2018 rem

340 2052 424 2088 (38)
447 2055 506 2082 eff.
530 2055 642 2081 Annales
661 2060 708 2081 etr.
735 2062 799 2081 tom.
817 2056 876 2082 XX.
899 2063 965 2088 pag.
976 2055 1010 2081 60
1026 2062 1105 2090 seqqe

343 2099 424 2136 (39)
448 2101 507 2129 eff.
535 2101 647 2128 Annales
670 2106 718 2128 etc.
751 2108 814 2128 tom.
832 2101 890 2129 XX.
918 2109 978 2136 pag.
994 2102 1044 2132 62..
