1930 2448
363 121 595 154 RESPONSIO
617 130 659 153 AD
690 119 1000 161 QUAESTIONEM
1032 119 1359 152 THEOLOGICAM.
1607 131 1626 160 7

107 211 261 248 praecepta
287 206 438 244 interpreti
466 215 621 243 numquam
651 205 821 242 negligenda
851 204 1018 233 inculcaret.
1057 204 1139 233 Loca
1160 204 1216 232 hue
1238 203 1410 240 pertinentia
1435 203 1544 233 citavit.
1573 206 1623 235 Cl.

98 262 136 301 J.
157 270 214 291 van
232 260 354 296 Voorst,
375 259 406 288 in
423 258 507 288 Orat.
528 257 561 287 de
577 258 612 296 J.
632 257 674 286 A.
689 256 824 285 Ernestio
836 276 846 292 ,
865 257 965 293 optimo
975 262 1038 294 post
1059 256 1101 286 Il.
1119 255 1252 284 Grotium
1272 254 1340 285 duce
1365 261 1391 283 ct
1417 258 1553 294 magistro
1578 258 1624 285 in.

102 319 259 352 terpretum
280 311 325 341 N.
347 309 380 340 T.
402 310 479 339 notis
503 317 538 348 17
552 330 561 344 ‚
588 311 620 338 18
645 315 672 337 et
697 317 744 345 19.

139 363 273 392 Secundo
295 362 502 391 observamus:
527 360 650 388 Minime
675 358 895 388 existimandam
916 365 977 394 est,
999 358 1207 397 Inter-praem,
1238 359 1288 396 qui
1312 357 1505 396 indicaverit,
1541 367 1623 396 oum

97 421 143 445 ’ΛΒ
164 421 320 443 AUCTORE
344 420 552 442 smmrrcrxm
573 419 765 444 porunrur,
786 412 900 438 muneri
918 420 967 438 suo
985 409 1166 445 satisfecisse.
1445 420 1449 422 Ἴ

139 464 277 496 Profecto
296 473 381 493 nemo
398 463 605 500 intelligentior
621 470 655 490 eo
672 461 803 490 audacIae
821 462 1023 498 progrediatur
1034 482 1044 496 ,
1067 467 1098 489 ut
1113 467 1197 497 neget
1214 460 1353 489 libroruin
1371 469 1516 490 sacrorum
1536 461 1626 491 Inter-

99 516 292 555 pretationem
312 513 558 552 plurimispremi
575 513 803 543 difficultatibus.
844 513 910 551 Qua
927 514 961 542 de
979 523 1008 542 re
1033 512 1124 541 videri
1152 520 1277 548 possunt
1293 512 1329 550 J.
1348 512 1387 542 A.
1406 513 1528 541 Ernesti
1549 513 1623 543 lust.

102 569 214 606 Interp.
237 568 282 597 N.
304 567 338 596 T.
359 567 451 595 Proll.
474 566 502 601 §.
517 575 547 593 2.
570 565 604 593 ad
625 573 748 600 eumque
773 566 869 593 locum
890 565 1033 598 Ammon,
1054 570 1082 592 et
1103 563 1133 592 in
1157 564 1256 599 primis
1282 564 1434 592 Ernestius
1453 564 1516 601 ipse
1537 565 1620 595 Diss.

100 619 135 649 de
149 617 359 659 dtfficultatibas
378 617 625 655 interpretationis
645 614 881 652 Grammaticae‚
902 616 932 645 in
954 615 1100 654 Opusculis
1119 614 1314 651 Philologicis;
1332 622 1359 643 et
1375 615 1478 645 Aloros
1495 617 1623 645 Acroas:

99 671 172 700 Vol.
184 671 207 699 Ι.
228 678 295 707 pag.
307 678 337 706 4.
359 675 415 697 etc.
456 667 645 706 Quapropter
662 667 781 696 omnino
800 667 935 703 culpandi
955 673 1042 702 sunt,
1067 665 1138 701 qui,
1160 674 1224 693 cuin
1242 666 1412 702 interpretes
1434 667 1491 696 dici
1508 668 1598 697 velint
1610 689 1621 704 ,

96 723 172 752 adeo
191 720 357 750 temerarios
369 740 379 755 ‚
399 720 446 749 vel
464 719 562 756 potius
588 718 721 755 stupidos
741 727 804 747 sese
820 718 976 755 praebeant
988 739 998 753 ,
1020 724 1053 746 ut
1072 716 1180 752 ubique
1200 717 1278 746 hunc
1297 717 1416 747 illumve
1433 718 1534 754 scr1pti
1555 727 1623 747 sen-

99 765 165 802 sum
183 781 267 808 esse,
286 778 430 807 tamquam
448 779 482 799 ex
498 770 612 805 tripode
629 770 779 799 affirment.
821 770 869 799 Ne
886 770 954 799 alias
971 769 1152 798 difficultates
1167 777 1320 797 memorem
1332 789 1342 804 ,
1366 768 1394 797 in
1413 769 1485 798 locis
1506 770 1621 805 quidem

97 823 280 862 Dogmaticis
298 832 358 852 non
377 831 440 852 raro
457 829 502 851 tot
516 821 636 857 insunt,
655 830 729 857 quae
745 830 800 851 nos
817 823 926 857 latent,
948 828 981 850 ut
998 829 1082 850 nemo
1107 820 1141 848 ab
1170 819 1280 848 errandi
1298 819 1429 855 periculo
1460 820 1550 849 tutior
1574 823 1621 850 fu-

97 882 181 905 turus
201 883 263 904 esse
282 874 434 909 videatur,
455 882 539 910 quam
557 872 602 910 is,
625 873 675 909 qui
692 873 722 902 in
741 873 776 902 iis
793 872 969 910 explicandis
986 872 1041 901 sibi
1054 878 1172 906 caveat,
1193 879 1229 900 ne
1246 877 1350 899 temere
1370 871 1466 900 ubivis
1485 871 1620 908 definiat,

99 926 172 963 quid
189 926 223 955 ab
243 932 361 955 auctore
379 923 573 962 significetur.
614 924 672 953 Ast
699 925 766 953 dum
787 925 865 953 hunc
883 925 1036 960 scopulum
1054 922 1150 952 securi
1177 922 1446 959 praem-vehimus,
1468 923 1497 952 id
1517 924 1618 953 sedulo

96 978 239 1016 agendum
258 984 322 1013 est,
344 984 381 1005 ne
404 976 440 1005 ad
457 975 543 1005 alium
571 975 596 1004 ei
621 975 790 1012 oppositum
812 977 1012 1013 appellamus,
1034 981 1120 1010 atque
1142 974 1212 1002 adeo
1238 981 1288 1002 eos
1316 973 1482 1009 interpretis
1502 984 1620 1005 munere

96 1035 176 1059 recte
199 1028 282 1065 fungi
300 1027 516 1062 existimemus,
541 1026 590 1062 qui
608 1027 711 1056 sudant
732 1033 760 1055 et
783 1028 879 1063 algent
891 1047 902 1061 ,
922 1035 983 1055 non
1001 1026 1072 1054 illud
1087 1026 1158 1053 adeo
1183 1030 1346 1059 spectantes
1359 1045 1369 1059 ,
1392 1031 1425 1052 ut
1441 1027 1530 1060 palam
1549 1026 1617 1062 fiat,

95 1079 168 1117 quid
183 1079 218 1108 ab
235 1075 352 1108 auctore
369 1086 465 1107 revera
487 1077 678 1113 significatum
696 1078 754 1114 sit,
777 1077 828 1106 sed
845 1077 976 1114 quisnam
996 1076 1068 1111 loci,
1092 1084 1177 1112 quem
1195 1076 1300 1103 multae
1317 1081 1344 1103 et
1362 1075 1454 1103 variae
1471 1076 1619 1107 doctrinae

95 1129 292 1160 ostentatione
307 1129 428 1166 fatigent
446 1134 633 1165 vexentque,
652 1137 745 1157 sensus
763 1138 817 1158 esse
831 1130 937 1168 possit,
959 1126 1079 1156 mirifice
1106 1126 1149 1155 illi
1168 1126 1223 1154 sibi
1244 1127 1388 1162 placentes
1400 1146 1410 1161 ‚
1432 1133 1460 1155 ct
1481 1134 1617 1164 tanquam

96 1182 133 1211 de
150 1190 180 1210 re
198 1181 273 1210 bene
289 1186 405 1216 peracta
420 1179 597 1216 gloriantes,
617 1188 684 1208 cum
709 1179 782 1208 illud
798 1186 876 1208 certe
900 1180 1113 1208 demonstrasse
1132 1177 1188 1205 sibi
1214 1176 1370 1213 videntur,
1392 1177 1469 1207 hunc
1499 1179 1618 1208 illumve

97 1240 216 1263 sensum
240 1231 271 1260 in
298 1239 329 1260 se
352 1236 511 1266 spectatum
532 1231 620 1266 loco,
644 1230 695 1266 qui
719 1230 773 1259 sub
804 1229 936 1259 manibus
960 1229 1022 1265 sit,
1043 1228 1172 1266 apprime
1197 1228 1370 1264 convenire,
1391 1228 1464 1258 nihil
1487 1230 1543 1259 hoc
1571 1241 1617 1261 as-

93 1289 194 1314 sumto
223 1289 313 1311 sensu
336 1280 501 1316 contineri,
524 1281 604 1317 quod
627 1281 742 1310 aliunde
767 1281 899 1319 cognitae
916 1280 1075 1317 Scriptoris
1098 1279 1244 1317 cogitandi
1263 1279 1368 1308 rationi
1393 1287 1421 1309 et
1438 1282 1562 1318 receptis
1581 1284 1617 1311 de

92 1336 158 1366 Deo
176 1333 324 1369 rebusque
341 1331 447 1362 divinis
468 1332 657 1369 opinionibus
675 1340 829 1370 repugnet.
869 1332 950 1362 Haec
967 1331 1062 1362 omnia
1079 1331 1152 1360 enim
1164 1351 1175 1367 ,
1198 1330 1253 1359 etsi
1274 1331 1305 1361 in
1330 1331 1565 1368 interpretatione
1582 1334 1618 1362 li-

92 1386 212 1416 brorum
236 1392 384 1414 sacrorum
404 1392 464 1413 non
483 1385 568 1421 plane
586 1384 645 1413 sint
665 1384 835 1421 negligenda
847 1405 857 1420 ,
879 1390 907 1413 et
924 1392 1010 1420 saepe
1031 1383 1105 1413 viam
1122 1390 1222 1420 parent
1245 1383 1280 1412 ad
1301 1388 1405 1423 rectam
1427 1385 1488 1421 eJus
1508 1384 1616 1414 intelli-

91 1436 236 1474 gentiam,
258 1444 439 1472 nequaquam
460 1436 606 1466 sufficiunt
628 1436 664 1465 ad
685 1437 898 1472 evincendum,
921 1443 1059 1472 quaenam
1078 1443 1176 1463 revera
1194 1434 1321 1463 auctoris
1345 1442 1423 1463 mens
1447 1435 1502 1464 hoc
1526 1436 1613 1465 illove

91 1489 159 1518 loco
174 1486 275 1516 fuerit.
316 1486 468 1525 Quidquid
483 1487 526 1516 illi
549 1488 770 1525 contradicant,
793 1488 843 1524 qui
858 1486 1038 1525 Dogmaticis
1056 1485 1216 1515 rationibus
1234 1494 1264 1514 se
1285 1486 1351 1514 duci
1373 1486 1544 1523 patiuntur,
1565 1490 1612 1517 vel

90 1537 312 1577 praeconceptis
329 1538 518 1574 opinionibus
533 1538 705 1576 indulgent3
728 1540 754 1568 ei
773 1546 883 1569 tantum
894 1560 905 1575 ,
928 1537 978 1575 qui
992 1537 1130 1567 orationis
1148 1537 1248 1566 scriem
1263 1558 1273 1573 ,
1290 1537 1441 1573 scriptoris
1458 1538 1613 1574 opiniones

91 1589 319 1627 scriptionisque
343 1589 498 1619 consilium
524 1589 655 1627 indagare
674 1592 792 1626 studet,
814 1591 843 1620 in
860 1590 1076 1627 interpretando
1096 1588 1207 1625 patebit
1228 1589 1263 1617 ad
1280 1588 1480 1618 certitudinem
1500 1590 1608 1620 aditus.

90 1640 132 1671 Et
149 1640 197 1669 hic
218 1640 333 1676 quidem
351 1646 458 1677 sponte
473 1640 640 1670 deducimur
664 1641 699 1671 ad
725 1642 839 1671 tertium
857 1642 951 1677 illud,
975 1641 1055 1676 quod
1072 1640 1223 1669 observare
1241 1639 1296 1668 fuit
1315 1639 1436 1669 animus.

131 1691 255 1720 Tertio:
279 1691 448 1726 Historica,
468 1701 553 1729 quam
572 1692 653 1721 hodie
674 1700 774 1722 vocant
785 1713 795 1727 ,
815 1692 1028 1731 interpretandi
1044 1693 1120 1720 ratio
1139 1693 1255 1718 minime
1273 1691 1441 1727 negligenda
1456 1698 1507 1720 est.

127 1742 174 1772 De
193 1741 304 1770 diversa
330 1741 441 1771 ratione
462 1742 666 1779 appellationis
687 1743 932 1781 interpretationis
958 1742 1113 1772 historicae
1132 1736 1213 1772 conf.
1235 1741 1344 1770 monita
1365 1742 1412 1771 Cl.
1433 1751 1490 1771 van
1507 1742 1609 1772 Voorst

89 1795 125 1825 ad
145 1794 229 1824 Orat.
251 1802 340 1830 supra
357 1793 408 1822 cit.
429 1801 485 1830 pag
507 1794 544 1831 63
558 1796 654 1831 —65.

130 1845 208 1875 Olim
221 1844 395 1875 anennunis
405 1865 415 1880 ,
431 1844 507 1874 inter
517 1854 592 1881 quos
611 1845 763 1875 Ernestius
776 1845 851 1881 fuit,
872 1845 1020 1874 Historica
1031 1844 1233 1881 interpretatio
1251 1845 1346 1873 eadem
1359 1853 1422 1873 esse
1439 1846 1610 1875 censebatur

93 1906 167 1935 quae
185 1896 398 1926 Grammatica.
427 1895 455 1924 A
469 1896 599 1933 magistri
615 1906 685 1926 vero
704 1897 846 1927 sententia
861 1896 999 1925 discessit
1018 1896 1137 1930 Morus,
1158 1896 1187 1925 in
1199 1896 1330 1924 Acroas:
1348 1895 1421 1925 Vol.
1431 1896 1456 1924 Ι.
1479 1905 1543 1934 pag.
1557 1898 1609 1933 67.

94 1955 123 1978 et
139 1948 263 1977 Scmlero
278 1947 307 1976 in
324 1946 426 1983 primis
443 1954 580 1983 auctore,
600 1957 684 1984 quem
703 1956 799 1978 tamen.
811 1950 967 1986 praeiverat
993 1948 1161 1976 chtstem'us
1173 1968 1183 1983 ,
1204 1947 1342 1985 distingui
1352 1948 1449 1984 coepit
1468 1947 1612 1984 interpre-

91 1999 162 2028 tatio
180 1998 358 2028 Universalis
375 2004 403 2027 et
420 1998 579 2028 Historiczz.
619 2000 659 2029 Et
678 2001 822 2030 SemIerus
841 2001 955 2037 quidem
972 1999 1149 2028 Historicam
1167 1999 1371 2035 interpretandi
1388 1999 1528 2027 rationem
1545 2006 1608 2027 stu-

91 2051 172 2081 diose
189 2049 320 2079 adhibuit
338 2049 373 2079 ad
387 2057 420 2078 ea
442 2049 653 2087 interpretanda
678 2052 743 2083 loca
770 2052 814 2082 N.
835 2052 893 2089 F„
916 2050 1022 2089 quibus
1041 2050 1197 2081 sententias
1219 2050 1362 2080 contineri
1379 2057 1514 2088 putaret,
1536 2058 1611 2086 quae

1573 2102 1611 2131 aci
