1961 2438
680 132 1083 166 ORATIO.
1583 141 1623 170 15

143 225 207 269 ipsi
232 224 392 268 judicium
424 221 578 257 cohibent
590 247 600 264 ,
634 220 803 262 dubitant,
837 231 877 253 ac
908 220 1068 254 limacum
1103 221 1208 254 instar
1235 226 1387 266 agenteS,
1427 221 1618 267 ubicunque

141 282 262 315 mentis
288 286 451 314 antennas
475 279 676 321 extendunt,
700 278 760 311 sed
784 289 820 310 re
846 277 991 320 quadam
1015 277 1195 320 prudenter
1216 280 1303 311 tacta
1326 285 1423 322 atque
1442 282 1616 323 percepta,

143 341 255 373 statim
274 349 330 372 eas
346 339 444 371 anxie
466 338 677 371 contrahiuit.
688 335 875 368 Dialectica
896 343 975 367 vero
992 333 1112 376 adjuti,
1137 335 1274 367 rationis
1293 334 1523 369 imbecillitatis
1540 347 1620 371 sen-

143 406 220 431 sum
238 396 281 429 ad
302 395 471 439 quandam
492 392 746 437 philosophandi
768 397 875 424 artem
897 390 1034 423 mirifice
1060 391 1225 423 excolunt.

182 456 257 486 Jam
277 462 354 486 vero
380 451 575 484 audaciores
600 450 684 483 fiunt
710 449 764 482 isti
790 447 942 480 homines
973 439 1128 489 sceptici,
1161 448 1229 480 iino
1257 457 1335 480 vero
1361 449 1616 491 petulantiores,

143 510 340 553 saepiusque
357 507 534 540 laedentes.
589 506 682 539 Idem
705 510 806 549 agunt
831 503 919 547 quod
934 528 943 545 ‚
978 503 1068 546 apud
1099 516 1319 537 immonem
1352 505 1479 538 dictum
1505 512 1554 539 est
1579 507 1619 539 de

142 564 391 599 adolescentulis
398 589 407 606 ,
430 573 545 596 recens
569 563 738 597 dialectica
762 560 919 602 imbutis,
943 561 999 604 qui
1024 560 1222 604 disputando
1236 587 1245 603 ,
1279 562 1476 605 opponendo
1504 569 1535 595 et
1560 563 1620 595 de—

140 622 304 655 fendendo
322 622 462 665 sibiipsi
478 621 690 656 vehementer
707 621 836 663 placent
848 644 857 661 ,
882 618 1112 660 disputationis
1131 618 1268 651 artificio
1279 643 1288 660 ,
1313 619 1407 662 quasi
1421 619 1498 652 ludo
1518 630 1620 663 eque—-

141 679 219 720 stri,
242 679 286 712 ad
302 679 421 723 gloriae
438 678 586 711 studium
611 677 813 718 abutuntur,
838 686 896 717 ac,
920 674 1126 707 catulorum
1142 685 1254 717 more,
1274 675 1446 719 carpendis
1467 676 1620 709 laceran-

144 736 259 780 disque
282 736 442 780 proximis
468 735 605 768 mirifice
625 734 838 767 delectantur.

182 792 294 825 Altero
319 791 625 836 philosophantium
650 800 767 834 genere
795 789 1007 822 continentur
1033 789 1186 823 homines
1211 789 1383 832 sensiles,
1418 792 1474 834 qui
1499 791 1619 824 intelli-

138 850 264 894 gentiae
282 855 314 883 et
329 850 448 883 rationi
462 858 606 882 sensum
623 852 848 891 anteponunt,
873 846 962 879 unde
977 858 1047 880 non
1062 847 1229 880 immerito
1256 846 1411 880 dicuntur
1432 847 1620 890 philosophi

138 907 329 940 sensuales:
371 906 493 940 Infima
511 915 591 940 vero
611 914 729 937 sensus
742 909 774 937 et
787 902 982 947 phantasiae
1002 905 1232 947 conjunctione
1249 904 1412 946 ejusmodi
1432 904 1619 947 philosophi

137 964 276 997 sensiles
303 963 397 996 facile
427 962 527 995 dediti
550 967 630 995 sunt
661 962 771 995 omnis
803 960 930 1004 generis
956 960 1267 1003 phantasmatibus,
1302 959 1593 1003 praesensionibus
1607 984 1617 1001 ,

136 1018 444 1064 superstitionibus,
468 1018 575 1052 furori
601 1018 765 1059 fanatico,
785 1017 937 1060 mystico.

179 1077 242 1110 His
266 1077 407 1121 oppositi
430 1077 634 1111 intellectum
654 1077 776 1110 ducem
796 1083 981 1121 sequuntur
1006 1075 1195 1119 philosophi
1218 1074 1511 1116 intellectuales,
1532 1085 1618 1118 quo-

137 1143 214 1168 rum
233 1134 398 1178 plen'que,
429 1133 543 1167 sedata
572 1139 604 1167 et
628 1133 740 1177 frigida
763 1139 874 1166 mente
899 1144 963 1167 neo
991 1143 1061 1166 non
1084 1131 1173 1165 bono
1197 1131 1336 1174 praediti
1355 1131 1476 1175 judicio
1491 1156 1500 1173 ,
1524 1131 1617 1164 facile

137 1190 319 1224 adhaerent
348 1191 612 1234 syllogismorum
636 1190 787 1223 formulis
810 1195 844 1223 et
864 1191 1033 1234 angustiis.
1081 1192 1121 1222 In
1143 1187 1352 1232 philosophia
1374 1189 1487 1221 omnia
1520 1188 1617 1221 intel-

137 1248 254 1291 ligere,
289 1248 402 1280 omnia
427 1249 537 1281 tenaci
563 1247 677 1291 judicii
701 1247 826 1291 forcipe
857 1247 1106 1291 apprehendere
1129 1245 1282 1286 student,
1304 1245 1373 1278 imo
1398 1242 1486 1279 veros
1505 1244 1620 1278 infini-

137 1302 211 1336 tum
241 1309 404 1347 conceptu
435 1309 469 1336 ct
497 1305 632 1337 notione
656 1303 791 1337 definire
820 1310 917 1348 atque
944 1304 1114 1337 includere
1144 1304 1306 1336 nituntur.
1363 1302 1617 1345 Intelligentiae,

134 1364 297 1403 tanquam
312 1359 413 1402 iudici
430 1369 606 1403 supremo,
624 1365 748 1393 ceteras
765 1362 885 1394 mentis
905 1361 1077 1394 facultates
1098 1358 1296 1401 subjiciunt,
1318 1359 1508 1405 nullamque
1520 1383 1529 1399 ,
1553 1358 1619 1391 nisi

137 1416 263 1449 ratione
286 1417 457 1459 perspecta
478 1417 610 1459 penitus
634 1422 732 1460 atque
755 1419 902 1462 cognita,
927 1419 1031 1451 animi
1057 1418 1233 1450 elationem
1255 1417 1377 1449 sentire
1404 1416 1552 1458 cupiunt.

180 1472 463 1506 praestantissimi
480 1472 627 1516 profecto
656 1474 809 1511 istisunt
836 1474 1021 1517 philosophi
1048 1473 1301 1514 intellectuales,
1332 1474 1366 1506 in
1391 1471 1491 1505 rebus
1520 1477 1617 1504 acute

136 1528 280 1572 agendis.
327 1528 391 1562 Sed
410 1528 591 1562 abhorrent
609 1530 746 1574 omnino
767 1530 809 1562 ab
833 1526 923 1564 omni
943 1530 1105 1564 sentiendi
1126 1540 1167 1562 ac
1183 1528 1268 1562 hona
1287 1528 1542 1572 philosophandi
1557 1538 1621 1561 ra*

136 1587 242 1626 tione3
267 1596 287 1617 a
314 1584 480 1628 platonico
508 1587 612 1619 animi
633 1587 708 1619 elati
728 1587 866 1628 ardore,
891 1598 910 1620 a
936 1588 1056 1620 mentis
1081 1596 1240 1619 asscensu
1260 1586 1303 1618 ad
1328 1595 1465 1629 supera.¹

136 1649 139 1651 ’
180 1645 221 1675 In
237 1641 364 1685 fastigio
385 1647 497 1675 autem
511 1643 610 1685 positi
626 1643 711 1675 inter
726 1654 843 1677 omnes
860 1644 902 1677 illi
920 1644 1084 1685 eminent,
1108 1644 1164 1687 qui
1186 1643 1352 1676 rationem
1378 1642 1497 1675 ducem
1515 1648 1614 1686 atque
1662 1630 1676 1643 '¹

135 1699 222 1733 vilae
247 1698 492 1742 imperati-'icem
515 1698 780 1742 philosophando
801 1706 833 1733 et
863 1702 989 1745 agendo
1015 1706 1219 1745 sequuntur3
1244 1701 1300 1744 qui
1327 1699 1504 1732 hominum
1532 1710 1620 1742 gen-v

137 1756 286 1799 tiumque
304 1755 472 1797 indolem,
500 1761 532 1804 et
558 1766 674 1789 rerum
696 1758 859 1801 principia
884 1758 1058 1802 indagant3
1091 1757 1148 1801 qui
1171 1757 1261 1790 viam
1284 1756 1512 1800 ingrediuntur
1535 1757 1614 1788 uni-

134 1811 316 1852 versalem3
337 1807 396 1856 'qui
415 1813 551 1845 rationis
569 1814 738 1857 Principiis
749 1840 758 1856 ,
779 1820 940 1859 tanquam
956 1815 1173 1848 finidamento
1193 1819 1281 1846 certo
1305 1819 1336 1846 ct
1357 1812 1463 1845 stabili
1475 1837 1492 1853 ,.
1505 1812 1615 1855 philo*

136 1868 273 1911 sophiae
292 1868 479 1917 aedificium
500 1868 676 1904 exstruunt
695 1871 738 1905 ad
761 1878 1030 1918 consummatam
1046 1870 1182 1915 perfecti
1199 1870 1308 1914 operis
1329 1869 1456 1911 ideam,
1480 1879 1522 1901 ex
1539 1869 1612 1912 ipsa

136 1927 263 1960 ratione
286 1927 442 1970 petitam..
462 1930 463 1933 ’
495 1924 508 1939 ”’
531 1926 533 1929 '

183 1982 310 2024 Quodsi
339 1992 418 2017 vero
448 1985 533 2018 ratio
566 1983 744 2029 humana,
767 1997 809 2021 ex
833 1988 938 2031 ipsius
966 1986 1080 2021 innata
1099 1982 1292 2018 dominandi
1319 1983 1457 2023 natura,
1488 1981 1522 2015 id
1549 1980 1611 2014 sibi

137 2038 313 2073 adsumere
341 2041 437 2082 velit,
468 2047 505 2074 ut
532 2047 658 2075 ceteros
690 2044 719 2076 ci
742 2044 891 2077 subditos
907 2069 916 2086 ‚
949 2043 1008 2077 scd
1038 2041 1179 2076 maximi
1210 2040 1370 2072 momenti
1393 2038 1609 2071 humanitatis

137 2100 254 2130 sensus
284 2107 407 2141 parum
433 2097 517 2131 colat
531 2122 548 2141 ,»
576 2109 713 2142 prorsus
740 2101 898 2146 negligat,
932 2101 1000 2135 imo
1035 2108 1114 2134 vero
1147 2097 1337 2141 supprimat
1365 2095 1466 2129 1101110
1498 2093 1618 2138 philo-⁷

1549 2160 1617 2183 so—-
1660 2173 1663 2176 -
