1930 2448
321 105 649 140 COMMENTATIO
670 113 712 136 An
735 103 1048 144 QUAESTIONEM
1071 107 1286 138 MEDICAM.
1521 124 1573 148 ης

56 197 144 235 plunt
170 201 198 224 et
222 203 315 230 nova,
347 193 382 222 ad
407 199 549 222 externam
573 191 683 220 ossium
713 189 894 226 superficiem
921 191 1113 227 invenienda,
1145 192 1296 221 efformant
1330 200 1471 229 corpora,
1503 205 1574 231 φης

60 254 211 277 exostoses
238 247 409 284 plerumque
433 244 491 273 dici
519 244 633 278 solent,
663 242 697 270 ad
720 241 864 278 Ingentem
895 244 1069 279 quandoque
1095 252 1258 272 excrescere
1280 252 1406 281 possunt
1433 247 1576 283 magnitu.

58 299 177 334 dinem,
200 305 228 327 et
257 303 352 326 ortum
379 305 486 331 suum,
509 303 542 323 ex
560 295 659 324 nostrii
680 299 793 328 mente,
815 294 990 329 vegetationi
1013 295 1118 324 debent
1138 304 1273 324 vasorum
1292 297 1455 327 morbosae.
1498 299 1576 329 Ean.

58 350 122 380 dem
150 357 208 378 rem
231 349 287 387 jam
313 347 424 386 egregie
451 346 634 385 perspexisse
655 345 768 375 videtur
790 344 937 380 Beuoste,
960 345 1033 381 qui,
1056 346 1085 374 in
1105 346 1207 383 capitis
1228 347 1492 384 integumentorum
1512 354 1575 379 vul-

57 400 175 432 neribus
191 421 202 436 ‚
232 400 346 429 tabulae
371 399 479 429 ossium
515 404 645 427 externae
669 395 836 425 instituebat
866 395 1092 432 perforationem
1115 417 1126 433 ‚
1164 399 1221 433 qua
1253 398 1362 427 ossium
1387 408 1573 435 promoveret

58 452 286 490 granulationem
312 458 340 480 et
365 450 520 480 eorundem
548 449 665 478 evitaret
690 447 949 484 desquamationem
972 448 987 484 (
1001 456 1037 485 23
1048 448 1076 486 ).

95 503 138 533 Et
159 504 213 533 hac
240 503 355 540 quidem
381 501 491 531 ratione
515 500 711 537 quaestionem
747 499 823 529 illam
854 500 922 529 satis
954 501 1028 529 bene
1054 500 1130 530 solvi
1165 508 1299 538 putantes
1318 522 1328 538 ‚
1356 501 1466 539 hujus,
1507 513 1577 539 quae

57 556 233 594 vegetationi
268 566 402 587 vasorum
437 555 614 594 praescripta
651 561 716 590 est,
750 554 821 591 legis
848 552 1032 590 explicationi
1061 559 1159 589 aptum
1186 552 1333 589 imponere
1360 562 1514 589 possemus
1544 556 1577 583 li-

53 615 143 644 nem,
171 607 229 637 nisi
254 608 289 638 ad
316 607 399 637 aliam
424 616 542 645 quoque
567 606 799 643 respondendum
823 605 902 635 foret
929 607 1146 642 quaestionem:
1179 605 1325 641 quomodo
1349 605 1483 634 nimirum
1507 607 1576 642 fiat,

59 658 140 694 quod
162 658 275 688 Natura
301 661 441 696 vulnera,
473 660 569 688 ulcera
594 666 622 688 et
645 658 804 693 fracturas,
834 657 863 686 in
889 657 995 693 quibus
1024 656 1127 685 limites
1152 655 1212 692 illi,
1243 657 1277 685 de
1306 656 1412 692 quibus
1431 657 1577 693 diximus,

55 708 214 745 deficiunt,
235 710 270 738 ad
289 710 444 746 pristinam
467 711 604 741 unitatem
631 709 767 738 reducere
791 702 908 745 possit,
937 706 1047 742 absque
1069 713 1102 735 ut
1125 715 1191 736 vasa
1211 715 1262 743 per
1287 707 1399 743 partis,
1429 709 1512 745 cujus
1536 708 1580 737 in-

56 760 176 798 tegritas
200 760 377 790 restituenda
401 768 468 797 est,
489 762 627 790 ambitum
641 760 778 790 morbose
795 764 926 795 vegetare
949 757 1088 794 incipiant
1105 764 1190 794 atque
1205 759 1247 787 sic
1268 758 1347 787 foras
1363 760 1575 796 prorumpant?

54 810 105 840 Ne
128 811 185 840 hoc
208 812 276 848 fiat,
298 811 346 842 vel
370 814 470 842 saltem
497 812 641 842 rarissime
664 814 761 841 locum
784 809 906 845 habeat,
928 809 1038 846 duplici
1060 810 1149 839 modo
1176 810 1287 839 curavit
1311 809 1443 839 Natura:

95 870 125 891 1.
148 862 346 900 vegetationis
371 872 507 893 vasorum
531 873 615 894 causa
635 864 698 893 sive
718 861 867 898 conditio,
890 861 952 890 sine
979 862 1036 897 qual
1059 862 1157 890 locum
1183 861 1289 891 habere
1312 870 1373 891 non
1396 869 1515 899 potest,
1547 863 1575 891 in

53 912 190 950 lymphae
215 914 403 950 coagulabilis
437 915 617 951 secretione,
646 922 679 945 ut
704 922 786 945 antea
814 914 938 952 probare
962 914 1060 944 conati
1092 923 1208 950 sumus,
1242 914 1339 952 posita
1365 925 1427 945 esse
1450 916 1573 946 videtur.

55 961 233 1002 jamvero,
264 973 318 1002 per
340 967 484 1004 egregiam
508 968 674 1006 solertiam,
703 976 763 997 non
783 968 919 1005 majorem
941 966 1055 995 Natura
1077 965 1202 995 formare
1225 968 1302 995 solet
1330 967 1417 1004 hujus
1444 968 1577 1004 lymphae

55 1015 243 1053 coagulabilis
265 1017 401 1054 copiam,
431 1027 517 1054 quam
545 1028 616 1055 quae
645 1019 679 1048 ad
700 1027 806 1053 usum,
835 1019 882 1047 cui
901 1018 1040 1047 inservire
1061 1018 1166 1053 debet,
1197 1017 1355 1053 requiritur
1381 1025 1409 1047 et
1432 1019 1572 1048 sufficiens

53 1072 110 1097 est.
151 1067 200 1096 An
222 1066 319 1110 itaque
341 1069 499 1098 mirandum
523 1075 587 1105 est,
611 1069 690 1105 quod
709 1077 778 1098 vasa
801 1070 953 1105 norrultra
973 1069 1137 1106 lympham,
1162 1075 1211 1098 aut
1235 1075 1337 1098 terram
1360 1069 1467 1099 hancce
1489 1068 1570 1098 ferti-

56 1117 135 1153 lem,
156 1127 347 1156 prorumpere
369 1125 398 1148 et
420 1125 554 1156 vegetare
579 1119 730 1157 incipiant.

92 1163 124 1199 εὶ.
144 1169 258 1198 Natura
279 1177 393 1205 tamen,
417 1180 506 1205 quum
536 1171 593 1199 hac
616 1170 647 1200 in
667 1180 697 1200 re
723 1170 807 1200 facile
831 1170 962 1200 aberrare
984 1171 1096 1208 possit,
1119 1171 1230 1201 Medici
1250 1171 1385 1208 implorat
1413 1171 1549 1200 auxilium
1563 1192 1574 1206 ,

55 1219 106 1257 qui
129 1220 204 1249 cutis
224 1220 300 1250 labia
320 1220 454 1249 distantia
471 1221 507 1250 ad
529 1230 559 1250 se
576 1221 699 1251 invicem
716 1222 856 1258 adducat,
882 1228 910 1251 et
933 1222 975 1251 sic
999 1222 1154 1260 pristinum
1178 1222 1260 1252 illum
1280 1221 1470 1259 vegetationis
1493 1220 1577 1249 resti-

54 1278 118 1300 tuat
138 1271 279 1308 limitem,
301 1279 369 1309 aut,
397 1272 422 1301 si
444 1273 501 1302 hoc
523 1273 586 1304 fieri
602 1282 749 1312 nequeat,
770 1273 896 1303 remedio
923 1275 1046 1311 quodam
1069 1274 1197 1303 caustico
1227 1282 1315 1309 vasa,
1338 1273 1474 1302 morbose
1492 1281 1576 1310 vege-

12 1332 15 1334 ·
54 1322 164 1359 tantia,
186 1323 334 1360 reprimat.

92 1374 133 1403 Et
165 1375 234 1404 haec
260 1376 375 1412 quidem
398 1383 486 1413 sunt,
522 1386 594 1414 quae
616 1379 823 1416 respondemus
849 1379 884 1408 ad
913 1378 1062 1408 Bertrandi
1093 1378 1182 1416 (24)
1222 1377 1443 1414 quaestionemz
1490 1394 1508 1410 „
1541 1372 1572 1402 Si

54 1445 76 1462 ‚‚
94 1433 153 1454 une
175 1427 381 1461 reproduction
414 1428 486 1458 etoit
508 1429 668 1466 possible,
700 1430 849 1467 pourquoi
880 1439 927 1460 ces
956 1431 1062 1468 parties
1097 1439 1134 1460 ne
1167 1429 1378 1460 deviendraient
1405 1429 1474 1456 elles
1506 1427 1571 1462 plus

56 1496 77 1515 „
97 1477 237 1514 grandes,
260 1483 287 1506 et
310 1486 347 1506 ne
366 1480 545 1515 passeroient
569 1483 639 1511 elles
661 1491 712 1519 pas
737 1485 764 1512 le
781 1483 885 1513 niveau
912 1484 961 1512 des
987 1491 1108 1519 organes
1132 1481 1295 1511 memes.”.2

93 1528 188 1566 Quam
216 1528 413 1564 quaestionem
437 1531 520 1560 etiam
546 1540 645 1562 contra
667 1542 803 1563 vasorum
824 1535 1034 1572 vegetationem
1054 1534 1156 1563 factam
1176 1543 1237 1563 esse
1264 1533 1351 1563 video
1378 1541 1393 1562 a
1413 1532 1502 1561 Doct.
1524 1529 1578 1555 Be·

58 1586 144 1629 zoet,
165 1581 278 1610 dicente
298 1581 407 1620 (25):
451 1604 469 1619 ‚‚
490 1584 530 1612 Et
553 1593 624 1621 cur,
647 1585 697 1614 ubi
715 1587 771 1623 jam
786 1587 937 1624 impletum
956 1588 1063 1616 vuinus
1081 1594 1164 1615 carne
1185 1592 1282 1620 esset,
1305 1583 1424 1613 ulterius
1451 1586 1569 1616 proger-

63 1650 82 1666 ,‚
102 1631 208 1661 minare
237 1632 305 1661 haec
336 1641 401 1661 vasa
426 1637 599 1664 cessarent?
638 1637 702 1666 Cur
727 1646 787 1666 non
816 1645 895 1668 extra
922 1637 1051 1668 vulneris
1078 1646 1142 1666 oras
1166 1640 1383 1670 excrescerent,
1416 1639 1502 1668 atque
1521 1630 1577 1658 ele-

61 1703 83 1721 „
101 1689 195 1713 vatam
220 1683 299 1711 vaide
325 1685 404 1710 nasci
432 1686 593 1713 videremus
621 1689 829 1716 cicuti'1cem?’'

1473 1809 1572 1839 EPI-

91 1891 151 1927 (23
163 1892 180 1927 )
197 1892 259 1919 Vid.
278 1893 406 1924 Chiturg.
425 1895 501 1921 Tom.
521 1894 543 1920 Ι.
569 1901 625 1927 pag.
640 1896 683 1929 87.

92 1938 176 1975 (24)
194 1940 255 1966 Vid.
274 1941 382 1972 operat.
400 1940 433 1965 de
454 1941 578 1974 Chirurg.
601 1942 658 1968 Par.
679 1943 753 1976 1769.
778 1950 838 1976 pag.
856 1949 917 1977 531.

92 1987 176 2021 (25)
193 1987 254 2014 Vid.
276 1989 348 2014 Diss.
364 1987 432 2013 laud.
453 1985 477 2018 ἕ.
493 1996 533 2021 ¹4·
554 1990 577 2013 in
596 1995 673 2022 oper.
692 1990 761 2017 laud.
778 1998 838 2024 pag.
851 1997 899 2023 159
914 1996 971 2022 seq.
1009 1989 1092 2016 Conf.
1112 1989 1155 2016 Cl.
1173 1988 1257 2014 Fabre
1283 1986 1345 2013 dans
1371 1988 1410 2013 ies
1429 1986 1569 2013 Memoircs

58 2033 92 2060 de
111 2033 214 2062 1'Acad.
231 2041 282 2061 etc.
301 2036 318 2061 1„
339 2042 362 2060 c.
382 2042 438 2067 pag.
457 2036 497 2067 780

844 2084 911 2121 Qs
