1930 2448
275 105 313 135 90
638 88 1418 123 G.c.ss.sUR1NGAR

276 179 376 207 debeat
401 177 542 213 secretio,
564 177 593 206 In
618 184 684 205 vera
706 181 851 203 mutantur
875 182 979 210 organa
1003 174 1195 209 secernentia,
1217 172 1240 203 i.
1261 182 1287 202 e.
1310 171 1425 201 eandem
1453 171 1528 200 illam
1560 178 1657 207 parant
1678 173 1776 209 plasti-

275 239 336 258 cam
361 230 526 265 lympham,
557 236 640 264 quam
666 232 698 255 ut
725 225 851 254 omnium
879 234 1018 254 novarum
1045 225 1248 254 formationum
1276 223 1387 252 initium
1419 230 1446 251 et
1476 222 1690 252 fundamentum
1716 234 1777 253 sae.

277 281 342 318 pius
365 281 420 317 jam
449 279 652 316 descripsimus
673 278 774 314 (38).
825 277 903 305 Haec
929 284 1021 306 autem
1043 278 1116 306 malo
1140 275 1283 310 Hun'teri,
1314 281 1397 310 quam
1426 275 1486 302 meti
1509 275 1630 310 probare
1653 277 1778 305 auctori·

278 339 358 367 tate,
383 331 432 367 qui
461 331 536 360 ossis
558 329 691 359 denudati
715 336 743 357 et
767 329 821 358 rasi
849 329 1029 366 superficiem
1058 329 1150 358 massa
1179 327 1298 363 quadam
1326 324 1660 355 albido-coe1·ulescente
1686 334 1782 357 tanto-

278 391 345 420 pere
370 389 470 411 tectam
499 381 629 417 invenit,
652 387 684 409 ut
710 380 820 417 specilli
848 390 902 417 ope
928 390 987 410 non
1013 389 1046 409 os
1071 380 1189 417 ipsum,
1211 377 1260 406 sed
1282 377 1368 413 hujus
1389 376 1565 405 substantiae
1589 377 1779 408 resistentiam

280 440 408 468 tantum,
431 433 592 470 perceperit
605 432 660 461 Vir
679 431 882 466 Clarissimus,
905 431 1039 468 illamque
1058 430 1188 467 sequenti
1204 429 1249 457 die
1263 428 1440 457 vasculosam
1461 428 1596 456 redditam
1610 449 1620 464 ,
1641 436 1668 458 et
1684 439 1698 459 a
1714 433 1783 460 sana

276 484 470 521 granulatione
496 493 555 514 non
577 483 823 520 distinguendam,
850 482 992 511 invenerit
1013 483 1072 519 (39
1085 482 1112 519 ).
1162 481 1260 516 Atque
1287 479 1327 508 sic
1351 488 1400 515 per
1418 479 1525 507 hancce
1552 479 1780 511 observationem

278 535 364 564 simul
388 535 542 571 constitit,
564 544 624 565 non
642 534 728 563 modo
755 533 960 570 coagulabilem
983 534 1149 569 lympham,
1178 539 1226 560 aut
1243 530 1385 566 liquorem
1415 531 1562 566 quemdam
1591 531 1734 561 viscosum
1755 541 1782 563 et

282 586 471 623 gelatinosum
495 588 603 623 (40),
626 586 657 615 in
677 584 791 614 ossibus
809 583 908 613 fractis
933 593 1099 619 secernere,
1124 583 1175 612 sed*
1191 583 1290 611 eodem
1310 590 1425 617 quoquc
1450 582 1536 611 modo
1551 603 1561 617 ,
1585 592 1643 619 quo
1661 583 1690 613 in
1714 594 1781 621 par-

285 637 364 666 tibus
389 637 594 673 mollioribus,
616 637 666 666 illa
688 637 730 666 uti
746 638 858 672 solere,
880 636 1051 665 salutaribus
1074 634 1173 672 scopis
1190 633 1356 663 ditissimam
1378 641 1510 670 semper,
1530 634 1682 664 Naturam.
1720 637 1781 674 Jam

284 689 474 725 intelligitis,
499 697 542 716 me
567 689 685 718 innuere
707 697 837 717 vasorum
862 687 1090 724 sanguiferornm
1110 685 1335 723 vegetationem,
1360 693 1444 719 quam
1466 685 1496 713 in
1525 686 1640 714 ossibus
1667 696 1784 725 quoque

278 742 374 769 locum
398 741 518 775 habere,
547 749 606 769 non
630 746 739 768 tantum
762 739 810 768 Cl.
835 739 960 767 Belloste
983 738 1092 776 (41),
1114 738 1164 767 sed
1181 737 1243 773 ipse
1260 736 1433 765 Swietenius
1459 745 1576 773 quoque
1600 738 1710 775 egregie
1735 740 1789 768 ob.

275 792 421 826 servavit,
444 791 493 826 qui
518 791 572 819 Vir
601 791 649 820 Cl.
672 796 793 819 testatur
812 790 918 827 (42),
941 799 971 819 se
993 789 1021 818 in
1047 790 1121 818 ossis
1145 788 1215 818 laesi
1239 787 1392 824 superficie
1414 791 1716 829 vera11rvascuiorum
1735 791 1789 819 mi-

280 842 422 870 nimorum
446 843 576 878 systolen
604 848 689 878 atque
716 841 875 877 diastolen,
907 850 1040 870 manuum
1068 840 1201 877 pulsibus
1223 840 1453 877 respondentes,
1483 839 1671 876 observasse,
1702 848 1787 878 atque

281 893 492 928 substantiam,
516 902 549 921 ex
579 900 644 921 osse
671 894 747 922 laeso
772 894 979 929 prodeuntem,
1002 901 1096 922 veram
1116 893 1296 922 vasculosam
1322 899 1384 920 esse
1410 900 1598 928 compagem,
1620 892 1786 922 invenisse:

281 953 364 979 quam
385 943 533 973 vaietenii
553 944 781 974 observationem
804 945 853 974 Cl.
872 944 994 974 Monroi
1014 944 1208 981 experimento
1219 943 1338 980 ,egregie
1353 943 1567 980 comprobatam
1586 952 1668 981 esse,
1691 951 1790 981 postea

282 994 454 1023 videbimus.

316 1046 517 1081 Propullulant
551 1046 646 1082 itaque
670 1047 704 1075 ab
733 1046 810 1075 omni
839 1047 981 1076 fracturae
1003 1045 1111 1075 ambitu
1137 1055 1203 1075 vasa
1227 1045 1408 1082 sanguifera,
1440 1054 1512 1081 quae
1536 1046 1677 1082 liquorem
1707 1046 1788 1076 illum

281 1095 427 1124 viscosum
455 1103 482 1125 et
502 1097 692 1133 gelatinosum
715 1105 878 1134 perreptare
905 1098 1071 1134 incipiunt,
1093 1097 1184 1134 magis
1211 1097 1358 1133 magisque
1385 1105 1438 1133 per
1458 1096 1537 1125 illum
1561 1097 1789 1134 disperguntur,

281 1153 308 1174 et
333 1155 400 1174 mox
427 1147 508 1175 illum
535 1154 646 1177 mutant
674 1148 704 1177 In
730 1149 895 1184 viventem,
924 1154 1104 1184 tumentem,
1134 1149 1334 1184 granularem,
1363 1147 1598 1184 sensilissimam,
1628 1150 1663 1177 ad
1684 1156 1790 1178 tactum

282 1197 446 1234 sanguinem
466 1197 653 1234 fundentem,
676 1205 761 1236 atque
788 1199 906 1228 rubrum
929 1201 1056 1228 colorem
1080 1197 1271 1234 referentem,
1296 1204 1462 1227 contextum
1482 1200 1674 1235 cellulosum⁷
1699 1200 1748 1236 qui
1775 1210 1789 1230 a

285 1248 438 1285 Chirurgis
461 1252 628 1279 carunculae
650 1251 767 1280 nomine
790 1250 922 1287 insigniri
947 1252 1033 1279 solet.
1076 1250 1255 1279 Carunculas
1282 1249 1385 1285 hasce,
1407 1249 1436 1278 in
1452 1250 1521 1278 laesi
1542 1250 1618 1278 ossis
1636 1250 1790 1286 superficie

280 1299 484 1336 inveniendas,
513 1310 573 1330 non
598 1308 708 1330 tantum
735 1310 871 1332 vasorum
903 1301 1133 1338 sanguiferorum
1159 1300 1346 1337 praesentia,
1378 1309 1460 1335 quam
1489 1307 1517 1329 et
1543 1301 1668 1337 pulsatio
1696 1308 1723 1329 et
1750 1301 1794 1331 in—

276 1351 365 1387 J'ectio
395 1352 519 1387 probant
542 1353 657 1390 (43),
684 1354 734 1382 sed
762 1353 844 1382 etiam
865 1353 962 1382 indole
988 1353 1041 1381 sua
1068 1358 1096 1380 et
1119 1351 1284 1386 structura,
1307 1360 1371 1380 cum
1394 1350 1514 1387 iisdem,
1538 1360 1610 1387 quae
1635 1351 1665 1381 in
1692 1354 1795 1381 vulne-

279 1402 362 1430 ribus
387 1402 542 1439 oriuntur,
566 1404 740 1440 convenire,
763 1404 925 1433 Meckelius
949 1410 977 1432 et
999 1402 1130 1440 plerique
1155 1402 1330 1432 recentiores
1349 1409 1483 1431 auctores
1504 1403 1567 1440 jure
1591 1403 1727 1432 statuisse
1749 1404 1794 1433 vi.

280 1453 395 1482 dentur.
438 1454 594 1491 Quaeritur
618 1456 696 1493 jam,
718 1456 860 1485 undenam
885 1455 942 1484 sint
969 1455 1020 1484 hae
1048 1454 1238 1484 carunculae?
1267 1454 1316 1483 An
1343 1463 1380 1483 ex
1398 1454 1543 1492 periosteo
1565 1461 1614 1484 aut
1638 1455 1700 1484 aliis
1727 1464 1793 1492 par-

281 1503 362 1532 tibus
385 1505 539 1535 oriantur?>

319 1555 495 1584 Periosteum
509 1577 519 1592 ,
543 1565 630 1592 quum
643 1557 729 1591 {vasis
750 1556 922 1594 sanguiferis
938 1555 1109 1585 ditissimum
1125 1558 1184 1593 sit,
1207 1564 1292 1593 atque
1305 1578 1315 1592 ,
1335 1563 1403 1593 post
1421 1563 1597 1593 amputatum
1613 1557 1768 1585 membrum
1781 1578 1790 1593 ,

281 1614 374 1636 totum
394 1608 495 1637 rubere
522 1611 612 1638 soleat
634 1610 741 1648 (44),
767 1618 827 1639 non
849 1619 949 1647 parum
975 1610 1005 1638 in
1029 1610 1104 1638 ossis
1133 1609 1260 1638 fractura
1284 1607 1462 1636 restituenda
1485 1613 1630 1644 praestare
1655 1608 1789 1644 videtur,

1753 1667 1800 1688 ca-

315 1740 394 1776 (38)
413 1742 623 1774 conspiciantur
634 1751 692 1769 ossa
702 1763 710 1776 ,
730 1750 820 1770 serrae
830 1751 881 1777 ope
900 1743 994 1776 divisa,
1003 1743 1071 1777 apud
1083 1744 1235 1776 Camperum
1245 1761 1253 1773 ,
1270 1743 1295 1767 in
1307 1742 1403 1774 Essays
1418 1740 1467 1766 and
1480 1740 1671 1767 obser-various
1683 1741 1792 1775 Physic.

284 1789 331 1814 and
350 1789 475 1821 Literaty
489 1807 496 1820 ‚
515 1789 614 1817 Edinb.
629 1798 704 1823 1771.
722 1792 783 1820 Vol.
800 1792 850 1819 111.
869 1792 934 1819 Tab.
951 1793 984 1817 V.
1000 1791 1043 1823 fig.
1061 1799 1070 1817 1
1088 1798 1114 1817 et
1128 1799 1159 1816 2:
1177 1789 1247 1822 apud
1262 1789 1394 1815 Bonnium
1410 1788 1436 1813 in
1453 1788 1534 1813 Thes.
1551 1787 1624 1814 Hov.
1641 1788 1704 1815 Tab.
1717 1788 1798 1816 VIII..

285 1835 329 1867 fig.
343 1844 356 1860 2
378 1843 404 1861 et
420 1844 446 1868 4.
463 1835 530 1861 Tab.
546 1837 582 1861 XI
602 1843 628 1862 et
643 1838 704 1864 XII.
722 1838 767 1870 fig.
783 1845 815 1870 3:
834 1837 902 1870 apud
921 1837 1117 1864 Cheseldennm
1134 1838 1260 1867 Osteogr.
1277 1836 1344 1862 Tab.
1358 1835 1430 1860 LlV.
1448 1834 1493 1866 fig.
1510 1841 1520 1859 1
1537 1839 1564 1858 et
1577 1841 1602 1860 2.

319 1880 395 1913 (39)
415 1882 505 1906 Traite
526 1889 570 1907 sur
585 1883 609 1908 le
624 1891 686 1916 sang
697 1903 705 1915 ‚
725 1885 929 1911 l'inllammation
950 1891 1004 1911 etc.
1023 1886 1095 1913 Part.
1110 1884 1146 1911 11.
1169 1883 1253 1917 chap.
1265 1883 1327 1909 vu.
1346 1882 1372 1915 ἓ.
1387 1880 1423 1907 ΙΙ.
1440 1881 1502 1907 Vol.
1514 1880 1570 1907 111..
1582 1887 1642 1913 pag.
1659 1881 1715 1913 196.

319 1926 397 1960 (40)
415 1927 477 1954 Vid.
497 1929 604 1954 Heister
625 1930 711 1956 Instit.
729 1932 858 1963 Chirurg.
876 1939 936 1964 pag.
953 1932 1008 1963 185.

318 1972 399 2006 (41)
418 1974 545 2006 Chirurg.
566 1975 611 2000 des
629 1976 723 2008 Hopit.
739 1985 798 2010 pag.
815 1979 858 2011 78.

321 2017 403 2051 (42)
423 2020 483 2051 Pag.
498 2027 546 2052 4¹1
568 2029 644 2054 seqq.
864 2022 941 2058 (43)
962 2023 1063 2049 Monro
1081 2023 1199 2049 Observ.
1219 2021 1244 2046 in
1263 2021 1312 2047 fol.
1329 2019 1395 2047 Tab.
1407 2019 1450 2053 46.

321 2061 404 2098 (44)
421 2065 482 2093 Vid.
506 2066 617 2099 Ruysch
634 2068 721 2101 Epist.
733 2069 769 2097 11.
787 2076 847 2103 pag.
861 2076 890 2103 17
907 2076 965 2102 seq,
984 2070 1070 2103 Epist.
1081 2068 1113 2097 V.
1126 2075 1192 2103 pag.
1205 2069 1245 2096 18.
1263 2066 1405 2095 Adversar.
1423 2068 1490 2094 Dee.
1505 2065 1556 2092 111.
1575 2064 1639 2092 Tah.
1650 2064 1687 2092 11.
1706 2065 1749 2099 fig.
1765 2067 1796 2094 8.
