1930 2448
315 119 333 149 8
687 108 935 144 CORNELII
974 105 1185 136 ADRIANI
1224 107 1466 142 BERGSMA

318 207 395 238 patet
415 208 467 236 gaz
490 197 640 227 evolutum
666 195 739 224 nihil
758 194 835 225 aliud
860 201 921 221 esse
946 191 1001 221 nisi
1027 189 1138 220 acidum
1162 189 1346 221 carbonicum
1370 201 1487 228 purum.
1533 193 1577 224 Ut
1604 201 1696 226 cetera
1722 182 1833 235 prinda

320 253 366 290 pia
389 257 615 288 cognoscerem,
638 256 742 275 certam
765 244 949 282 quantitatem
975 242 1234 278 incrustationum,
1256 250 1337 272 antea
1363 244 1392 273 in
1412 246 1559 281 pulverem
1581 248 1720 278 redactam
1748 250 1828 279 acido

319 301 555 339 hydro-chlorico
576 299 668 328 diluto
694 297 788 333 solvi,
821 295 993 325 solutionem
1027 304 1078 331 per
1104 295 1211 323 filtrum
1240 295 1334 324 colavi
1363 304 1390 325 et
1423 297 1458 325 ad
1479 297 1634 328 siccitatem
1654 301 1829 338 evaporavi3

318 362 438 383 massam
458 351 640 388 superstitem
660 349 762 377 iterum
789 357 863 384 aqua
892 347 986 382 solvi,
1009 353 1037 375 et
1063 346 1236 375 solutionem
1267 347 1341 376 illam
1370 349 1552 386 reagentibus
1579 351 1747 388 exploravi,
1779 362 1834 389 po·

319 413 395 433 nassa
412 411 439 432 et
456 402 597 431 ammonia
613 400 722 437 liquida
738 400 767 428 in
791 399 842 427 hae
869 397 1014 427 solutione
1040 397 1224 433 praecipitata
1253 399 1466 436 praebuerunt,
1498 401 1572 430 idem
1599 402 1751 432 observavi
1770 404 1829 433 aci-

319 456 346 485 di
362 454 523 491 sulphuri-:i
548 460 576 482 et
598 451 701 481 oxalici
718 450 881 484 additione,
905 455 933 477 et
958 449 1151 478 subcarbonas
1177 457 1310 487 potassae
1334 452 1551 489 praecipitatum
1575 454 1727 491 copiosum
1751 464 1832 491 prae-

318 508 392 538 buit.
432 507 488 535 I-lis
516 503 717 542 experimentis
740 501 901 531 cai-bonatis
929 501 1014 529 calcis
1041 502 1199 537 praesentia
1220 503 1276 539 jam
1305 503 1468 540 indicatur,
1492 505 1602 534 solutio
1622 505 1833 543 hydro-cyana·

316 558 352 587 tis
372 565 504 595 potassae
529 564 557 585 et
579 555 687 585 infusio
713 562 818 583 nucum
843 554 977 589 gallarum
1004 552 1112 581 serrum
1136 555 1234 583 adesse
1260 555 1289 584 in
1312 556 1364 595 hac
1385 557 1530 585 solutione
1549 557 1830 587 demonstraverunt.

317 610 373 639 His
389 609 552 646 praemissis
572 607 744 644 quantitates
762 605 968 642 principiorum
985 604 1171 633 determinare
1187 606 1389 642 experimentis
1408 608 1596 643 sequentibus
1610 615 1732 637 conatus
1754 616 1832 639 sum.

355 662 462 691 Decem
483 666 635 698 grammata
654 657 782 694 pulveris
801 655 1040 685 incrustationum
1064 665 1127 684 cum
1147 657 1228 686 acido
1247 658 1485 694 hydro-chlorico
1503 660 1597 689 diluto
1617 660 1734 689 tractavi
1752 667 1780 689 et
1798 667 1833 689 ut

318 720 398 743 antea
417 713 592 742 solutionem
618 711 687 740 filtri
707 719 764 746 ope
783 708 934 745 purificavi
957 715 983 736 ct
996 709 1032 736 ad
1051 708 1206 736 siccitatem
1225 710 1392 745 evaporavi,
1416 710 1497 739 acido
1519 711 1757 747 hydro-chlorico
1776 711 1830 740 hac

320 765 488 801 operatione
506 765 592 800 pulso
606 784 616 799 ,
639 770 758 791 massam
786 759 969 796 superstitem
988 768 1062 795 aqua
1089 759 1186 795 solvi,
1208 766 1238 788 et
1259 760 1433 789 solutionem
1453 760 1553 789 iterum
1570 760 1736 797 percolavi3
1760 760 1832 789 illud

319 817 397 852 quod
421 816 505 845 filtris
531 815 635 851 collegi
662 814 691 844 in
721 812 868 842 crusibulo
894 821 908 840 e
929 811 1036 848 platina
1062 810 1198 839 confecto
1223 811 1309 839 calori
1334 811 1402 840 satis
1422 811 1582 841 vehementi
1609 811 1754 848 exposui,
1775 820 1835 840 ma-

318 869 392 895 xima
418 876 483 903 pars
505 867 655 895 combusta
673 872 737 901 est,
764 871 885 893 ceteram
909 871 979 899 quae
998 862 1132 891 remansit
1149 871 1213 890 cum
1233 863 1314 891 acido
1332 863 1570 900 hydro-chlorico
1589 863 1730 899 tractavi3
1761 862 1833 891 illud

321 919 398 954 quod
417 917 571 947 insolubile
587 925 647 946 erat
673 916 742 945 filtri
766 924 821 952 ope
845 913 994 951 separavi,
1017 920 1044 941 et
1065 913 1168 942 caloris
1191 914 1298 943 actioni
1319 914 1461 951 exposui,
1483 915 1574 951 silex,
1598 915 1646 951 qui
1669 920 1737 952 post
1760 914 1832 943 hanc

1390 958 1407 972 Γ.

320 985 513 1022 operationem
541 984 570 1012 in
592 982 740 1012 crusibulo
756 979 911 1013 remansit,
932 978 1074 1006 collectus
1091 977 1205 1013 pondus
1226 977 1325 1006 habuit
1346 959 1458 1016 0507,
1482 988 1514 1008 ea
1538 988 1608 1015 quae
1631 979 1711 1008 acido
1728 980 1836 1017 hydro-

319 1039 448 1067 chlorico
470 1039 565 1067 soluta
589 1045 651 1064 esse
676 1040 817 1071 possent,
847 1032 990 1067 liquorem
1017 1029 1220 1066 evaporando,
1243 1030 1365 1066 collegi,
1389 1030 1457 1058 haec
1483 1030 1585 1058 iterum
1610 1039 1683 1066 aqua
1707 1031 1783 1060 solvi
1805 1037 1834 1060 et

319 1098 383 1118 cum
407 1089 497 1125 priori
517 1087 663 1116 solutione
680 1084 831 1122 conjunxi.
873 1080 1020 1111 Solutioni
1046 1088 1060 1107 e
1082 1088 1137 1114 qua
1155 1086 1248 1107 cetera
1267 1079 1407 1116 principia
1425 1080 1548 1116 separari
1567 1080 1691 1116 debent,
1714 1088 1742 1110 et
1762 1090 1835 1117 quae

319 1138 447 1168 continet
464 1139 556 1174 hydro
573 1137 699 1165 chlorata
716 1143 789 1170 aqua
805 1135 900 1162 soluta
911 1153 920 1168 ,
942 1131 1035 1160 addidi
1051 1130 1276 1166 hydro-sulphas
1287 1131 1464 1167 ammoniae,
1482 1132 1562 1166 quod
1580 1131 1610 1160 in
1627 1132 1740 1167 liquore
1751 1141 1833 1169 prae·

319 1189 445 1226 cipatum
465 1188 539 1225 nigri
557 1188 617 1216 fere
636 1186 743 1215 coloris
761 1184 914 1222 praebuit,
936 1183 1008 1211 illud
1025 1181 1104 1217 quod
1125 1181 1176 1209 hac
1202 1183 1369 1218 operatione
1389 1191 1403 1210 e
1420 1183 1565 1212 solutione
1589 1192 1751 1220 separatum
1775 1189 1834 1213 erat

318 1241 389 1270 filtr‘i
414 1249 469 1277 ope
492 1239 617 1276 collegi,
649 1238 750 1267 deinde
774 1238 805 1266 'in
833 1236 981 1265 crusibulo
1007 1233 1096 1262 calori
1126 1232 1270 1269 exposui,
1301 1234 1471 1270 tandemque
1499 1243 1619 1263 massam
1649 1233 1834 1271 superstitem

321 1301 386 1320 cum
413 1298 529 1329 potassa
553 1290 662 1326 liquida
681 1288 824 1323 tractavi,
856 1287 928 1316 illud
953 1286 1031 1322 quod
1057 1285 1112 1314 hoc
1139 1291 1270 1321 reaigente
1293 1294 1352 1314 non
1377 1288 1506 1314 solutum
1532 1286 1608 1320 fuit,
1638 1286 1835 1321 percolatione

320 1355 442 1391 liquoris
467 1355 591 1391 collegi,
622 1360 649 1382 et
671 1352 808 1387 calefeci,
832 1351 957 1387 oxydum
980 1349 1048 1378 ferri
1075 1350 1113 1377 ita
1137 1358 1318 1386 separatum,
1341 1350 1455 1386 pondus
1479 1349 1579 1378 habuit
1597 1329 1705 1386 0,{>r‹'.².0;
1728 1358 1836 1379 ammo-

320 1407 366 1437 nia
377 1407 484 1443 liquida
501 1407 614 1436 lixiviae
630 1406 723 1434 addita
740 1404 810 1433 nihil
822 1403 973 1440 praebuit,
995 1402 1062 1430 hinc
1083 1400 1260 1438 igiturpatet
1280 1399 1431 1429 aluminam
1449 1400 1480 1429 in
1501 1400 1757 1430 incrustationibus
1776 1409 1836 1431 non

323 1457 457 1487 inveniri.
487 1457 611 1494 Liquori
623 1477 633 1492 ,
645 1465 729 1492 quem
746 1463 813 1492 post
825 1462 985 1492 separatum
998 1451 1216 1489 praecipitatum
1236 1452 1269 1480 ab
1287 1452 1529 1488 hydro-sulphate
1540 1451 1695 1480 ammoniae
1708 1450 1836 1485 retinui,

321 1509 431 1537 acidum
453 1507 722 1545 hydro-chloricum
738 1506 853 1542 addidi,
878 1513 906 1535 et
923 1505 1027 1534 caloris
1043 1505 1155 1533 actione
1173 1514 1208 1533 ex
1228 1505 1283 1533 hoc
1300 1505 1414 1540 liquore
1436 1504 1661 1540 hydro-sulphas
1679 1502 1837 1531 ammoniae

320 1559 421 1595 pulsi,
442 1559 616 1588 solutionem
634 1567 687 1594 per
698 1558 805 1586 filtrum
824 1557 916 1587 colavi
939 1565 969 1586 ut
981 1556 1144 1592 depositum
1157 1556 1285 1591 sulphur
1303 1562 1485 1591 separarem3
1507 1553 1652 1582 solutione
1664 1553 1838 1590 purificata,

322 1610 482 1639 carbonatis
506 1609 664 1638 ammoniae
693 1609 867 1637 solutionem
890 1608 997 1644 liquori
1024 1607 1139 1640 addidi,
1163 1607 1227 1634 inde
1250 1606 1402 1640 copiosum
1425 1603 1640 1639 praecipitatum
1656 1611 1750 1632 ortum
1767 1609 1834 1640 est,

1099 1649 1122 1668 gr

321 1673 403 1709 quod
425 1675 578 1702 collectum
597 1680 624 1701 et
643 1673 803 1707 siccatum,
825 1672 938 1708 pondus
957 1670 1058 1699 habuit
1079 1670 1171 1706 7,56,
1189 1677 1243 1698 nec
1260 1668 1413 1704 quicquam
1430 1667 1507 1696 aliud
1521 1675 1584 1696 esse
1597 1673 1694 1703 potest
1702 1666 1758 1696 nisi
1773 1675 1834 1699 cai-q

323 1724 414 1752 bonas
429 1724 526 1753 calcis.
554 1723 712 1760 Liquorem
731 1723 914 1759 superstitem
932 1721 1086 1758 evaporavi
1104 1728 1132 1749 et
1148 1729 1268 1749 massam
1281 1721 1430 1749 collectam
1446 1728 1497 1756 per
1512 1719 1624 1755 aliquot
1642 1719 1727 1747 horas
1746 1717 1836 1747 calori

321 1775 467 1808 ·‹’XPOSui,
490 1776 573 1812 cujtls
596 1775 708 1804 actione
730 1783 846 1803 omnem
873 1781 992 1801 massam
1019 1771 1128 1808 perdidi
1150 1779 1179 1801 et
1196 1773 1231 1800 ad
1250 1772 1335 1801 finem
1361 1770 1538 1808 operationis
1561 1769 1633 1800 nihil
1651 1768 1795 1798 remansit.

364 1834 421 1863 His
451 1838 650 1870 experimentis
677 1844 756 1874 patet
771 1817 814 1866 grho
838 1836 1079 1866 incrustationum
1104 1835 1253 1865 continere

521 1897 683 1925 carbonatis
705 1901 791 1926 calcis
833 1919 1215 1931 ........
1255 1878 1357 1936 7233250-

521 1961 683 1970 ·--———-
707 1948 775 1976 ferri
835 1968 844 1978 .
888 1971 898 1980 .
942 1965 955 1980 ‚⁷
996 1969 1216 1981 ·····
1256 1960 1359 1985 0,02o.

543 1999 651 2028 §ilsiciss
728 2019 1004 2032 oooooo
1046 2021 1056 2034 ι
1101 2022 1108 2033 ι
1153 2020 1165 2031 ο
1206 2021 1215 2031 ι
1255 2010 1357 2037 09107·

1256 2078 1346 2114 72⁶8?

1780 2092 1811 2111 gr.

1745 2119 1836 2150 22313
