1930 2448
309 137 350 165 4ο
666 131 1458 165 C·G.B.SURINGAR.

299 212 424 240 sensilis
461 221 513 249 per
545 222 603 243 eam
629 214 836 250 produceretur
860 218 955 253 (185).
1006 218 1074 256 Quo
1101 228 1166 247 cum
1191 219 1263 247 Viro
1291 218 1467 248 Doctissimo
1491 218 1626 248 convenit
1653 219 1704 249 Cl.
1733 219 1819 249 Cam-

316 272 422 298 perns,
460 264 509 299 qui
546 265 707 294 cicatricem
737 266 852 295 formari
884 268 989 304 docet,
1028 270 1051 297 si
1090 271 1163 299 cutis
1192 271 1338 298 vulnerata
1366 270 1569 306 contrahatur,
1606 271 1641 298 ad
1670 279 1701 299 se
1726 272 1819 300 redeat

311 320 399 348 atque
437 316 584 344 claudatur
615 317 719 353 (86):
765 338 784 354 ,7
806 319 908 347 etenim
937 321 1010 348 cutis
1040 321 1100 356 ipsa
1125 331 1184 351 non
1217 327 1419 357 regeneratur,
1449 321 1500 349 sed
1529 322 1726 350 tantummodo
1753 331 1823 358 pro·

316 384 333 399 „
357 365 485 401 egreditur
517 367 694 403 pedetentim
723 377 809 404 super
838 370 980 406 subjectas
1009 380 1102 407 partes
1129 374 1163 401 ad
1191 372 1360 408 oppositas,
1398 371 1490 400 donec
1518 380 1548 399 se
1576 365 1675 400 mutuo
1707 373 1823 401 contin·
1846 378 1849 381 ’

314 436 332 448 „
353 424 423 451 gunt
448 426 533 453 orae,
565 425 592 446 et
619 425 697 455 tum,
729 429 787 455 quo
814 422 880 448 loco
905 423 1031 457 coeunt,
1065 423 1181 451 cicatrix
1206 422 1347 451 enascitur
1366 422 1495 458 (87)”.
1536 422 1629 459 Quam
1653 423 1821 452 sententiam

310 469 331 495 l.
360 476 386 495 e.
411 468 517 506 (88),
547 470 667 499 ulterius
690 471 813 507 explicat
840 472 893 500 Vir
919 473 1123 511 Clarissimus,
1155 482 1240 510 atque
1268 474 1296 502 in
1323 473 1380 502 alio
1410 473 1493 502 etiam
1521 474 1711 510 opere(89)
1736 483 1820 511 seqq.

309 518 405 546 verbis
429 520 629 549 confirmavit:
672 542 690 557 ‚.,
713 522 834 550 Oecurit
861 531 919 552 non
949 533 1032 559 raro,
1062 525 1092 554 in
1124 533 1272 554 nautarum
1299 523 1447 560 brachiis,
1481 524 1658 560 figurarum,
1694 528 1741 554 vel
1769 535 1824 555 no-

309 589 327 603 „
349 569 454 599 minum
480 571 609 607 inustio,
639 574 778 609 pulvere,
813 573 852 601 uti
881 574 1055 610 perhibent,
1087 575 1171 611 pyrio
1199 576 1292 611 sacta,
1323 584 1394 611 quae
1414 575 1448 603 ad
1471 582 1592 604 mortem
1616 584 1709 611 usque
1731 585 1822 606 rema-

308 640 326 655 „
351 628 410 650 net.
453 622 543 651 Servo
569 624 651 652 talem
679 624 754 653 cutis
784 624 966 660 portionem,
999 635 1013 653 e
1039 626 1140 654 dextro
1176 626 1351 664 octogenarii
1378 625 1495 655 brachio
1524 626 1741 664 depromptam,
1772 629 1822 658 ἀει

312 692 330 707 „
352 673 423 701 traxi
449 674 668 710 epidermidem,
686 663 792 711 onae,
821 682 851 704 ut
877 675 905 704 in
934 676 1085 712 omnibus,
1116 678 1232 705 excolor
1262 684 1322 712 est,
1354 677 1506 706 reticulum
1539 678 1719 714 coloratum,
1749 679 1826 716 figuq

312 744 330 758 ‚‚
353 733 398 752 rae
422 725 482 753 cuti
510 725 667 755 inhaerent.
720 726 792 755 Non
827 726 889 755 sine
924 727 1126 763 probabilitate
1158 727 1222 756 inde
1248 728 1383 756 concludi
1414 736 1502 764 posse
1527 727 1595 755 mihi
1623 728 1718 756 visum
1741 729 1820 766 fuit,

315 795 332 809 ,7
354 782 446 802 cutem
473 785 627 812 numquam
655 777 831 813 regenerari:
858 779 937 813 quod
963 778 1036 807 enim
1061 779 1091 807 in
1116 779 1269 815 amputatis
1292 779 1445 814 cruribus,
1473 778 1616 813 brachiis,
1644 787 1676 806 ac
1694 780 1821 809 mammis

311 846 328 861 „
351 825 500 862 videmus,
529 836 589 856 non
622 834 666 858 est
691 828 766 857 cutis
797 829 992 865 regeneratio,-
1021 830 1072 858 sed
1105 830 1284 866 contractio,
1315 831 1390 859 circa
1423 830 1527 859 nudam
1554 829 1622 858 alias
1656 832 1820 861 manendam

310 897 328 913 ‚,
350 879 470 914 plagam.
513 878 590 907 Hinc
608 887 711 914 parvae
731 879 898 916 cicatrices,
920 880 988 909 licet
1014 881 1144 918 insignes
1165 882 1271 912 ablatae
1291 881 1400 911 fuerint
1415 889 1529 918 partes:
1558 880 1589 909 in
1618 880 1732 910 ossibus
1750 890 1821 912 con·

311 949 328 963 „
350 929 467 956 trarium
488 930 691 960 observatur”.
1424 973 1429 977 ¹

350 979 484 1015 Camperi
509 980 788 1011 CommentatIOnern
818 983 923 1019 excipit
946 973 993 1012 illa
1012 974 1112 1014 Docts
1129 985 1301 1020 Chambon,
1334 984 1385 1020 qui
1404 983 1439 1014 ad
1459 983 1702 1020 regenerationem
1726 992 1821 1013 veram

309 1037 337 1058 ct
358 1030 482 1066 spuriam
506 1032 706 1062 attendendum
731 1042 794 1062 esse
812 1035 878 1072 jure
901 1035 1021 1070 asserit,
1050 1042 1135 1071 atque
1159 1035 1286 1072 partium
1311 1036 1522 1072 deperditarum
1543 1034 1753 1063 restitutionem
1774 1044 1827 1065 va-.

308 1090 406 1109 sorum
441 1082 613 1113 mininorum
641 1084 800 1115 dilatationi
826 1091 854 1112 et
878 1094 967 1115 succo
994 1086 1135 1122 nutritio,
1173 1086 1223 1123 qui
1251 1085 1473 1124 regenerationis
1501 1085 1646 1114 materiem
1677 1085 1822 1122 praebet,

306 1133 484 1161 tribuendam
507 1143 569 1163 esse
593 1142 691 1164 censet
709 1137 803 1172 (90).
1412 1128 1415 1130 -

346 1184 464 1212 Illorum
491 1185 634 1221 demque,
672 1185 722 1221 qui
757 1187 864 1215 nullam
893 1189 976 1216 talem
1007 1178 1250 1225 regeneratIOnem
1290 1190 1388 1218 locum
1413 1180 1519 1218 habere
1544 1194 1694 1224 statuunt,
1732 1186 1823 1224 magis

310 1236 412 1264 iterum
442 1236 575 1272 amplecti
601 1237 715 1265 videtur
744 1244 839 1273 partes
870 1239 959 1267 Doct.
986 1239 1126 1275 Anbray,
1168 1240 1218 1275 qui
1249 1240 1335 1268 docte
1359 1240 1394 1268 de
1422 1240 1478 1268 hoc
1502 1245 1668 1276 argumento
1695 1237 1824 1275 disputat

311 1286 340 1315 in
367 1287 639 1324 Commentatione,
670 1297 741 1325 quae
767 1289 798 1318 in
823 1289 999 1325 explicandis
1030 1290 1254 1328 Unguentorum
1282 1297 1310 1319 et
1334 1290 1565 1327 Emplastrorum
1599 1289 1695 1320 noxiis
1727 1298 1824 1320 versa-

306 1344 353 1365 tur
374 1337 468 1375 (91).

317 1427 346 1462 §.
372 1435 419 1456 11.
460 1429 581 1471 Nanoni
603 1432 688 1466 1782.
739 1431 785 1460 W.
808 1420 844 1460 23.
865 1430 1002 1461 Domeier
1023 1435 1110 1470 1784.
1152 1432 1185 1462 C.
1214 1433 1251 1463 F.
1281 1433 1319 1463 G.
1349 1432 1484 1462 cheman
1507 1433 1591 1468 1786.
1631 1431 1713 1461 Klem
1735 1430 1821 1470 1786.

467 1479 503 1517 J.
528 1480 575 1510 JV,
597 1481 725 1518 Murray
748 1482 832 1519 1786.
875 1481 916 1512 A.
933 1483 969 1521 J.
992 1483 1032 1514 G.
1053 1484 1180 1522 Murray
1204 1487 1288 1522 1787.
1324 1485 1360 1523 J.
1382 1484 1550 1513 Arncmatm
1572 1483 1657 1520 1787‘.

349 1567 462 1596 Praeter
487 1568 579 1599 Doct.
607 1570 725 1600 Nanoni
751 1578 778 1600 et
797 1571 1004 1609 Domeierutn,
1036 1582 1159 1609 quorum
1192 1574 1241 1603 ille
1271 1574 1305 1602 de
1331 1573 1456 1610 partium
1481 1572 1689 1610 simpliciorum
1714 1579 1822 1609 corpo·

1780 1630 1820 1652 ns

345 1725 423 1760 (35)
442 1728 508 1757 Vid.
526 1730 662 1757 Memoire
688 1734 723 1758 ou
746 1733 800 1759 l'on
827 1740 927 1767 expose
953 1734 990 1759 les
1009 1734 1200 1760 inconveniens
1217 1742 1269 1761 ete.
1288 1734 1361 1767 Chap
1373 1732 1409 1761 11.
1431 1731 1492 1759 dans
1507 1733 1546 1759 les
1571 1731 1636 1759 Prix
1660 1730 1693 1758 de
1716 1730 1820 1767 l’Acad.

311 1771 386 1805 'B-oy.
402 1774 437 1798 de
457 1776 580 1809 Chirurg.
598 1779 675 1805 Tom.
689 1779 735 1805 lV.
756 1781 826 1806 Part.
839 1780 875 1806 [l.
895 1781 966 1806 Paris
990 1782 1062 1813 1778.
1081 1788 1140 1813 pag.
1150 1781 1208 1814 649.
1228 1789 1284 1813 seq.

345 1819 424 1852 (86)
445 1821 510 1848 Vid.
531 1825 682 1852 Comment.
695 1824 727 1850 de
748 1826 883 1858 Unguent.
902 1833 926 1851 et
943 1827 1069 1859 Emplast.
1088 1828 1179 1853 abusu.
1199 1828 1259 1853 Prix
1277 1826 1310 1852 de
1329 1825 1431 1853 l'Acad.
1448 1832 1500 1851 etc.
1518 1826 1537 1852 l.
1551 1832 1577 1852 c.
1595 1831 1724 1858 pag.732.

344 1863 423 1899 (37)
445 1868 503 1893 Vid.
521 1870 539 1895 1.
552 1876 580 1896 c.
834 1870 912 1905 (88)
932 1872 992 1899 Vid.
1009 1874 1027 1899 l.
1042 1880 1066 1899 c.
1087 1881 1217 1907 pag.724.
1241 1873 1324 1900 conf.
1344 1874 1472 1905 pag.842.

343 1909 423 1944 (⁹9)
443 1913 504 1940 Vid.
528 1915 599 1940 Petri
620 1916 733 1949 Camper
758 1919 914 1945 Demonstr.
940 1919 1353 1952 Anatomico-Pathologicarum
1377 1918 1490 1944 Arnstel.
1506 1917 1580 1951 ¹760·
1600 1917 1661 1943 Lib.
1675 1916 1699 1943 1,
1722 1916 1821 1949 cap.1.

309 1963 367 1987 pag·
379 1964 404 1983 2·

340 2000 421 2036 (90)
440 2004 583 2038 Vid⁴¹Prix
603 2006 635 2031 de
654 2007 757 2035 1'Acad.
778 2008 810 2033 de
828 2009 978 2042 Chirurgie
998 2011 1136 2045 Τοιῃᾼν.7
1151 2011 1267 2037 Part.11.
1284 2017 1342 2043 pag.
1352 2010 1412 2043 604.
1427 2017 1482 2042 seq.

343 2050 420 2080 (91)
441 2050 505 2075 Vid.
524 2052 583 2076 Prix
603 2052 634 2078 cie
655 2054 756 2081 l'Acad.
776 2054 808 2080 de
829 2056 972 2089 Chirurgie
1000 2058 1080 2084 Tom.
1100 2056 1169 2084 laud.
1191 2064 1249 2090 pag.
1259 2058 1412 2090 934—837.
1439 2060 1661 2089 pag.952-955.
1687 2058 1818 2087 pag-971.

310 2100 369 2126 seq.
390 2102 415 2120 et
434 2096 533 2122 taudem
554 2106 612 2130 pag.
628 2100 702 2126 1018.
720 2107 746 2126 et
764 2109 822 2134 seq.
