1930 2448
391 109 620 141 RESPONSIO
642 117 684 140 An
714 107 1026 148 QUAESTIONEM
1057 110 1335 143 LITERARIAM.
1594 125 1611 152 9

139 194 218 230 Sed,
241 193 265 222 si
289 193 428 223 incertum
458 200 501 222 est
532 201 589 229 quo
614 193 768 229 proposito
790 191 911 221 condita·
930 192 967 221 sit
991 192 1192 231 Bibliotheca,
1222 205 1280 225 non
1308 196 1402 226 minus
1428 196 1545 227 dubium
1569 206 1612 228 est

99 252 233 281 tempus,
257 253 314 280 quo
343 244 458 273 condita
482 251 545 278 est;
569 250 596 271 et
621 250 749 272 veterum
775 243 810 271 de
828 243 889 270 hoc·
909 249 1037 278 tempore
1063 245 1294 276 testimoniorum
1313 247 1463 278 diversitas
1482 258 1611 279 nostrazn

98 286 304 324 dubitationem
335 302 430 332 auget.
478 294 642 325 Demetrius
669 295 820 323 Phalereus
843 295 913 330 (9)
934 294 1058 324 Athenis
1090 297 1223 333 ejectus,
1255 298 1372 327 Thebas
1398 300 1502 337 petiit3
1534 303 1609 330 untie

97 353 168 383 post
188 346 299 382 aliquot
325 355 415 375 annos
442 346 471 375 in
493 346 660 382 Aegyptum
683 344 848 379 contendit,
872 344 971 380 ibique
995 349 1046 383 p'er
1067 355 1100 383 19
1121 355 1168 375 aut
1187 359 1222 376 20
1239 358 1329 377 annos
1352 350 1438 378 vitam
1463 352 1558 388 degit,
1581 360 1611 381 et

97 396 182 426 initio
199 397 280 433 regni
298 396 454 426 Ptolemaei
480 396 659 432 Philadelphi
681 397 780 433 (teste
801 395 964 432 Hermippo
983 397 1060 432 apud
1080 396 1206 434 Diogen.
1227 397 1325 427 La'e'rt.
1350 401 1485 438 (10'))‚
1508 403 1543 431 ab
1565 412 1610 432 :15-

95 447 164 485 pide
187 456 300 476 morsus
321 448 404 476 obiit.
449 446 480 475 Si
508 447 563 475 hoc
584 448 621 475 ita
643 456 706 476 esse
733 446 897 482 credimus,
919 448 1121 483 Bibliotheca,
1142 449 1226 486 cujus
1244 450 1409 479 Demetrius
1428 452 1537 488 primus
1554 454 1611 483 fuit

95 507 226 528 summus
244 499 428 535 praefectus,
450 499 566 527 condita
585 505 629 527 est
653 505 788 535 regnante
812 500 976 528 Ptolemaeo
1001 499 1074 537 Lagi
1099 499 1177 529 filio:
1200 515 1239 522 —
1259 501 1310 529 sed
1334 501 1405 530 idem
1432 504 1513 532 loeus
1536 505 1610 534 Dio·

95 550 178 588 genis
204 551 312 579 Laertii
340 550 512 587 Scaligerum
538 549 671 585 induxit,
699 557 732 578 ut
754 551 836 579 aliam
861 560 980 586 eamque
1001 552 1082 580 valde
1107 551 1247 580 diversam
1272 551 1439 588 opinionem
1466 561 1607 586 tueretur.

93 600 152 629 Hic
174 601 253 630 enim
279 601 370 638 (Π)
398 609 513 638 tempus
540 601 638 629 obitus
670 601 810 630 Demetrii
839 602 1094 638 ad1nittens,'sed
1126 602 1200 631 duos
1230 604 1335 639 locos,
1365 605 1483 634 alterum
1510 607 1610 636 Vitru-

92 651 134 681 vii
155 652 266 689 (12),
288 654 407 681 alterum
422 653 506 682 Plinii
526 653 620 689 (13)
641 653 761 682 afferens
775 674 785 689 ,
807 654 956 683 contendit
979 653 1187 682 Bibliothecam
1206 654 1427 684 Alexandrinam
1446 657 1607 688 institutam

93 710 156 731 esse
183 704 219 731 ad.
245 705 405 740 exemplum
434 704 627 733 bibliothecae
651 704 860 741 Pergamenae,
891 714 962 741 quae
988 705 1022 733 ab
1048 704 1178 733 Eumene
1202 705 1316 734 condita
1343 713 1386 734 est
1411 715 1480 743 post
1503 717 1608 738 annum

92 761 142 789 23.
165 753 245 790 regni
262 754 462 791 Philadelphi:
488 755 566 791 quod
585 755 609 783 si
629 755 808 791 admittitur,
829 755 995 785 Demetrius
1021 754 1220 783 Bibliothecae
1243 755 1452 786 Alexandrinae
1469 759 1610 795 praefuis-

92 812 124 832 se
149 813 328 840 nequaquam
353 812 461 841 potest.
503 806 583 841 Sed,
604 813 636 835 ut
654 813 730 835 recte
750 807 915 836 observavit
943 807 1107 842 Bonamyus
1120 826 1131 840 ‚
1152 806 1281 845 >Scaliger
1302 806 1392 836 falsus
1412 817 1474 837 esse
1496 807 1610 839 videtur

91 855 128 884 de
151 855 303 894 Eumene,
326 857 524 887 Bibliothecae
547 859 734 895 Pergamenae
757 865 875 889 auctore
896 859 998 897 (14).
1037 858 1182 887 Eumenes
1209 856 1282 894 ille,
1304 857 1399 894 inquit
1419 859 1606 898 Bonamyus,

1526 925 1611 951 quem

122 991 274 1019 Har'lesium
289 991 315 1019 in
333 996 365 1019 eo
382 1001 396 1018 a
415 998 481 1020 vero
498 994 635 1021 aberrasse
651 998 759 1028 putem,
778 995 850 1029 quod
869 993 964 1029 (Bitu.
983 994 1079 1021 Graec.
1097 992 1231 1026 Fabricii,
1248 992 1326 1023 Tom.
1339 995 1386 1022 IV.
1405 1002 1432 1029 p.
1447 1002 1506 1029 499,
1524 998 1606 1031 seq.)

90 1039 190 1064 scribat
218 1058 235 1071 „
253 1040 357 1065 Neleus
370 1059 377 1070 ‚
398 1041 504 1065 Corisci
521 1040 608 1072 filius,
625 1041 771 1074 Scepsius,
789 1042 943 1068 Aristotelis
962 1048 989 1067 et
1009 1041 1207 1074 Theophrasti,
1227 1043 1272 1075 qui
1291 1043 1314 1067 ei
1335 1043 1417 1067 libros
1436 1050 1524 1068 omnes
1542 1051 1605 1070 suos

88 1086 190 1118 legavit
206 1085 323 1119 <Laeta
337 1085 370 1111 V.
393 1083 482 1117 52.),
512 1086 628 1114 auditor.
664 1088 716 1114 Hic
748 1088 840 1120 Reges
865 1087 984 1120 Aegypti
1015 1088 1116 1119 primus
1144 1086 1238 1113 docuit
1263 1088 1444 1116 Bibliothecas
1470 1089 1606 1116 condere=

89 1131 187 1158 strabo
199 1132 275 1158 XIII.
299 1139 326 1164 p.
343 1131 403 1157 608.
420 1129 488 1163 (ed.
508 1133 568 1159 Par.
588 1134 653 1159 1620
663 1133 708 1167 ).''
744 1134 864 1160 Videtur
879 1135 921 1159 vir
941 1132 1112 1159 doctissimus
1129 1135 1220 1160 locum
1240 1134 1372 1160 Strabonis
1392 1135 1494 1168 (quem
1513 1138 1607 1163 citavi-

90 1184 147 1204 mus
168 1185 195 1210 p.
210 1183 235 1210 5.
253 1175 336 1209 not.)
354 1184 407 1202 non
426 1184 500 1203 recte
522 1178 705 1209 intellexisse,
724 1187 803 1211 quum
819 1180 853 1206 de
873 1181 963 1206 Neleo
984 1180 1101 1212 accipiat
1120 1181 1199 1206 verba
1211 1199 1219 1212 ,
1237 1188 1305 1214 quae
1323 1180 1354 1206 ad
1370 1182 1545 1208 Aristotelem
1565 1191 1607 1209 re·

89 1221 201 1249 ferenda
218 1229 279 1249 sunt
290 1240 298 1252 ,
316 1226 416 1254 πμῖῑτος
433 1222 464 1250 ὧν
482 1225 558 1255 ’ίσμεν
571 1226 685 1257 συνάγων
700 1227 807 1258 βιβλία.

116 1267 189 1302 ’(9)
214 1270 256 1295 De
280 1269 420 1296 Demetrio
446 1270 578 1296 Phalereo
603 1272 710 1297 omnino
737 1272 791 1298 vid.
817 1272 899 1298 Doct.
918 1271 1058 1304 Bonamy,
1084 1272 1110 1298 in
1132 1272 1282 1300 Memoires
1303 1273 1337 1300 de
1364 1273 1468 1301 l’Acad.
1495 1274 1540 1302 <ies
1564 1276 1607 1302 In-

88 1316 186 1348 script.

124 1361 210 1396 (10)
234 1363 317 1395 Diog.
335 1362 428 1391 Laert.
445 1365 479 1392 V.
497 1372 579 1398 segm.
598 1367 641 1399 78.
666 1365 731 1399 <bna-3
750 1365 771 1392 δ’
793 1364 873 1393 afim-Eu
892 1363 1041 1399 Ἕρμιππος
1060 1368 1131 1399 [asu-Ea
1156 1367 1201 1394 τὶν
1221 1367 1372 1401 Κασάνδρου
1394 1369 1501 1395 θάνατον
1520 1367 1603 1402 Φοβη-

89 1409 168 1437 θέντα
189 1410 348 1442 Αντὶγονον,
366 1414 437 1443 mapa
461 1416 630 1446 Πτολεμαῖον
649 1413 734 1440 ἐλθεῖν
755 1414 801 1440 τὶν
828 1415 951 1445 Σωτῆρα·
969 1413 1049 1445 κᾷκεῖ
1069 1413 1159 1446 χρόνον
1182 1415 1269 1441 [nauhu
1295 1414 1466 1448 stantem-x
1494 1417 1606 1448 συμβον·

89 1457 177 1482 Aerem
194 1458 231 1489 τῷ
249 1459 409 1491 Πτολεμαίῳ
426 1460 487 1491 πρὶς
504 1462 562 1490 ταῖς
579 1461 692 1491 ἄλλοις,
709 1462 753 1487 καὶ
771 1463 818 1490 τῆν
837 1461 977 1492 {hartheim
993 1461 1050 1491 τοῖς
1064 1459 1095 1493 ἐξ
1112 1461 1265 1494 Ἐνρυδῑκης
1286 1463 1422 1494 περιθεῖναι
1447 1464 1538 1489 παισί·
1557 1463 1606 1489 τοῦ

89 1501 118 1528 δὲ
136 1501 164 1527 οὗ
181 1503 351 1533 πεισθέντος,
370 1503 447 1530 aaz&
468 1506 627 1538 παραδόντος
646 1508 677 1534 rra
699 1506 816 1538 διάὲκμκ
835 1509 871 1539 τῷ
888 1506 917 1533 ἐκ
939 1508 1086 1539 Βερενίκης,
1105 1510 1176 1540 μετὰ
1192 1512 1240 1539 τῆν
1264 1509 1360 1535 ἐκεῖνον
1379 1513 1507 1539 τελεντῆν
1525 1508 1605 1541 ἷιξιω·

88 1548 156 1579 051¹de
175 1550 235 1580 τρῖς
257 1550 355 1575 ''offro“
374 1550 638 1583 παραφυλάττεσθαι
660 1552 689 1578 ἐν
708 1555 741 1585 ’τῇ
760 1553 834 1585 χώρᾳ
857 1554 937 1585 μέχρι
959 1563 986 1579 τι
1012 1550 1091 1585 Σὸξεί
1105 1555 1162 1585 περὶ
1191 1553 1293 1585 atiena,
1316 1555 1428 1581 ἐνταῦθκ
1451 1554 1606 1586 ἀθυμότερον

87 1593 180 1626 διῆγε·
198 1593 244 1621 καί
269 1604 321 1625 πως
343 1595 497 1627 ὑπνώττων,
516 1596 559 1622 ὑπ’
578 1596 687 1629 ἀσπίδος
704 1602 751 1629 τῆν
767 1601 848 1632 χεῖρα
865 1599 970 1632 δηχθεὶς
989 1601 1033 1626 τὶν
1055 1600 1111 1632 βίον
1133 1601 1275 1632 μετέθηκε,
1294 1602 1339 1628 καῖ
1361 1601 1492 1628 otim-svm
1515 1601 1542 1627 ἐν
1565 1603 1602 1634 τῷ

87 1642 222 1673 Βουσιρίτῃ
239 1644 303 1674 νομῷ
314 1659 322 1672 ,
340 1643 450 1671 πλησῖον
467 1643 646 1674 Διοσπόλεως.
1034 1662 1040 1667 ι

122 1686 138 1719 (
153 1684 210 1720 11)
227 1686 288 1713 Vid.
308 1687 415 1723 ¹Ioseph.
435 1689 571 1721 Scaliger,
590 1689 730 1718 Animadv.
746 1691 775 1716 in
794 1691 896 1718 Euseb.
915 1692 1046 1718 Chronic.
1064 1700 1092 1725 p.
1111 1698 1169 1725 135.

125 1731 142 1766 (
155 1734 212 1766 12)
230 1733 371 1759 Vitruvius
390 1735 474 1766 praef.
491 1735 523 1760 ad
541 1736 674 1763 Lib.VII.
697 1756 713 1769 ,‚
726 1738 820 1769 Reges
837 1739 963 1769 Attalici,
981 1739 1080 1771 magnis
1097 1739 1260 1771 philologiae
1277 1738 1466 1765 dulcedinibus
1484 1739 1606 1771 inducti,

46 1813 51 1816 -
90 1785 172 1811 quum
197 1779 326 1811 egregiam
349 1780 538 1806 bibliothecam
562 1782 682 1814 Pergami
699 1782 731 1808 ad
750 1790 912 1809 communem
930 1784 1133 1810 delectationem
1158 1785 1353 1817 instituissent,
1373 1792 1435 1811 tune
1460 1787 1522 1812 item
1544 1787 1607 1812 Pto-

89 1825 206 1851 lemaeus
226 1824 331 1851 infinito
356 1828 414 1852 zelo
442 1827 650 1860 cupiditatisque
669 1829 791 1855 incitatus
811 1829 920 1861 studio,
938 1837 991 1855 non
1018 1831 1167 1857 minoribus
1186 1831 1324 1858 industriis
1348 1831 1379 1857 ad
1405 1832 1524 1858 eumdem
1550 1840 1607 1858 mo·

89 1870 151 1897 dum
169 1871 342 1897 contenderat
361 1873 537 1899 Alexandriae
562 1874 759 1906 compararess'g

111 1916 140 1950 ,(
153 1916 209 1951 13)
233 1918 334 1943 Plinius
347 1937 355 1949 ‚
383 1919 452 1946 Hist.
474 1921 573 1946 Natur.
591 1920 669 1948 XIII.
688 1928 714 1947 e.
729 1928 770 1948 21.
806 1941 823 1954 ‚,
843 1922 912 1948 Mox
930 1923 1104 1949 aemulatione
1125 1924 1196 1949 circa
1214 1924 1391 1950 bibliothecas
1409 1930 1498 1955 regum
1515 1922 1605 1948 Ptole-

89 1963 157 1988 maei
172 1964 205 1989 'et
226 1964 352 1990 Eumenis
365 1980 374 1995 ‚
399 1967 581 1999 supprimente
605 1967 708 1993 chartas
729 1968 903 2000 Ptolemaeo,
922 1968 991 1995 idem
1010 1969 1092 1996 Varro
1114 1970 1272 1997 membranas
1294 1971 1414 2003 Pergami
1438 1969 1544 1996 tradidit
1566 1976 1606 1995 re-

90 2014 179 2042 pertas
198 2010 272 2037 etc.'’

125 2054 142 2088 (
153 2055 212 2089 14)
229 2054 292 2084 vid.
311 2057 427 2091 Bonamy
438 2075 447 2090 ,
467 2059 493 2085 in
510 2059 618 2088 dissert.
636 2067 710 2094 supr.
727 2059 838 2087 laudata.

140 2120 142 2122 ,
913 2107 936 2135 Β
