1961 2438
683 100 1192 134 ORATIOi'
1580 110 1618 139 13

141 189 210 230 liis,
234 186 418 231 antiquitati
442 196 477 219 se
494 185 763 222 manifestaverat
779 187 985 231 philosophia
997 212 1006 229 ‚
1035 195 1072 221 ut
1087 199 1165 224 vera
1185 187 1347 233 sapientia
1365 191 1470 234 vitae,
1498 199 1535 225 ut
1553 205 1613 226 ex-

141 246 264 288 pultrix
286 244 461 284 vitiorum,
484 248 521 276 ut
541 244 645 276 animi
667 245 753 287 aegri
772 244 938 277 medicina
955 250 990 277 et
1010 246 1181 280 inventum
1203 250 1371 288 De0rum3
1395 248 1479 282 haec
1497 250 1610 293 igitiu‘‚

142 312 185 334 ex
202 305 240 334 eo
263 303 331 344 jam
345 306 478 343 pectore
500 299 647 343 profecta
668 306 734 341 est,
759 306 857 343 atque
877 301 911 334 in
931 302 1113 346 longinquis
1138 304 1379 348 imaginationis
1403 305 1588 349 regionibus
1601 332 1610 348 ⁷

141 358 178 391 in
202 358 323 390 crassis
339 355 482 389 nubium
500 355 735 389 suffocantium
753 356 897 389 tenebris
919 357 977 390 diu
994 357 1179 402 aberravit,
1200 361 1335 394 tandein
1359 373 1436 396 vero
1458 375 1613 395 ΑΝΑΧΑ-

141 416 245 447 oona
269 419 302 446 et
321 425 495 446 soanTE
517 412 678 455 ducibus,
703 413 841 446 domimi
857 424 989 447 reversa
1011 420 1060 447 est
1082 421 1180 459 atque
1198 418 1232 450 in
1252 417 1423 451 hominem
1449 429 1608 462 regressa.

143 502 146 503 γ
185 460 400 513 Τθῐῃροωηί
413 475 524 502 autem
545 469 688 502 decursu
702 495 711 512 ‚
735 470 878 503 multum
894 470 977 503 labis
1002 477 1034 504 et
1054 473 1122 505 vitii
1144 473 1265 506 iterum
1285 477 1447 508 contraxit
1463 478 1613 509 Graeco-

141 538 218 561 rtun
241 524 464 570 philosophia,
488 524 620 557 labente
643 532 714 558 arte
738 526 885 568 dicendi,
910 527 1125 561 flaccescente
1145 531 1323 571 juventutis
1350 532 1442 564 ssore.

184 582 377 615 subtilitatis
400 582 530 625 gloriola
554 581 665 623 ducti,
695 592 860 616 novorum
885 595 948 617 nec
975 585 1143 619 honorum
1167 586 1348 621 verborum
1374 590 1455 621 mali
1481 589 1611 632 opifices

140 645 255 684 postea
270 638 375 671 exorti
392 643 480 670 sunt.
529 638 640 672 Gloria
658 639 804 671 certandi
820 645 852 672 et
866 641 1017 675 vincendi
1033 643 1118 686 capti
1130 668 1140 685 ,
1164 650 1200 676 ut
1217 645 1252 677 in
1268 645 1353 678 ludis
1370 648 1489 679 Graeci
1505 648 1614 689 olym—

141 698 222 741 picis
235 721 244 738 ,
269 697 317 729 sic
341 705 471 740 quoque
495 696 530 728 in
553 697 670 740 pugnis
696 696 899 740 philosophis
923 700 1069 732 eminere
1083 700 1260 733 studebant
1280 704 1490 735 Graecorum
1507 702 1617 745 philo-

140 753 247 797 sophi.
286 752 540 794 Admirationi5‚
560 753 787 796 disputationis
806 760 839 786 et
852 755 1008 789 victoriae
1026 758 1127 789 causa
1140 782 1148 798 ,
1168 759 1266 790 variis
1281 759 1613 802 contemplationibus

140 810 259 851 dediti,
285 821 305 842 a
325 815 465 843 naturae
484 808 605 852 judicio
625 811 757 853 saepius
781 810 1024 854 discesserunt,
1050 818 1083 845 et
1112 814 1202 846 illam
1225 826 1441 848 cicssnoms
1467 817 1615 848 maxime

140 866 381 900 confirmarunt
402 867 620 900 sententiam:
651 879 668 899 »
691 869 729 899 In
746 867 819 910 ipsa
840 860 1190 913 gi'aeciaphilosopliia
1210 877 1302 904 tanto
1321 873 1356 905 in
1382 872 1508 905 honore
1526 884 1618 905 nun—

142 936 160 958 »
183 934 285 968 quam
307 923 453 965 fuissem*
471 924 535 957 nisi
565 923 833 958 doctissimorum
854 925 1120 959 contentionibus
1144 927 1471 972 dissensionibusque
1496 929 1620 972 viguis-

140 986 190 1013 set
216 980 313 1022 (*).”
357 980 518 1014 Universe
545 986 658 1012 autem
686 990 746 1023 per
777 986 883 1014 totam
909 985 1117 1016 Graecorum
1150 984 1394 1028 philosophiam
1425 985 1617 1019 dominatur

139 1036 315 1080 praecipue
330 1035 568 1068 adolescentiae
584 1045 721 1077 sensim,
744 1038 922 1080 jactantia,
945 1039 1091 1082 gloriatio
1103 1065 1112 1082 ,
1136 1041 1316 1084 szigacita5‚
1340 1042 1447 1086 pulcri
1461 1047 1493 1075 et
1505 1044 1617 1086 magni

139 1091 305 1133 studium,
329 1090 499 1134 hilaritas,
523 1093 625 1125 animi
647 1092 760 1126 levitas
787 1099 819 1126 et
845 1095 1008 1139 cogitandi
1032 1097 1176 1130 licentia.

184 1149 258 1190 Qui*
269 1159 288 1180 a
303 1148 464 1181 Romanis
477 1154 594 1191 postea
607 1150 816 1182 Graecorum
832 1149 1076 1195 philosophiam
1093 1160 1293 1199 acceperunt
1302 1180 1311 1197 ‚
1329 1158 1485 1201 Europae
1505 1156 1618 1200 populi

141 1216 220 1238 cuin
237 1216 255 1237 e
270 1203 426 1237 barbarie
443 1205 487 1236 ad
500 1215 579 1237 eum
599 1207 825 1247 pervenissent
844 1209 1045 1241 matiuitatis
1061 1211 1199 1254 gradum
1213 1237 1222 1254 ,
1247 1222 1313 1256 quo
1331 1213 1465 1247 inventa
1483 1214 1618 1257 sapienss

141 1262 207 1294 tiae
228 1261 337 1302 adire,
360 1261 544 1293 multorum
569 1261 807 1302 haereditatem
828 1263 863 1295 in
889 1273 968 1297 suos
993 1272 1120 1299 vertere,
1144 1278 1228 1300 usus
1255 1274 1287 1301 et
1306 1270 1368 1311 ipsi
1391 1269 1617 1313 philosophari

138 1323 290 1362 possent;
307 1319 555 1350 Germanorum
570 1314 667 1361 igitur
680 1323 792 1361 gentes
809 1319 939 1352 altiores
957 1322 1060 1355 animi
1077 1333 1196 1355 sensus
1206 1349 1215 1365 ‚
1230 1326 1391 1358 seriorem
1407 1327 1506 1359 virilis
1526 1332 1622 1359 aeta—

138 1376 180 1411 tis
197 1374 341 1407 indolem
352 1398 361 1415 ,
371 1373 572 1406 hilaritatem
591 1374 725 1418 quidem
739 1375 1035 1418 sodrompositcmi
1049 1403 1058 1419 ‚
1075 1379 1134 1411 sed
1150 1380 1280 1413 dolendi
1293 1381 1440 1425 quadam
1454 1383 1621 1426 voluptate

138 1436 378 1475 temperatam,
402 1436 439 1464 ut
463 1430 666 1464 carminibus
693 1433 781 1474 suis,
804 1432 880 1465 inde
906 1444 925 1465 a
948 1435 1059 1468 Bardo
1083 1448 1261 1470 ossmxo
1283 1438 1326 1470 ad
1349 1448 1421 1471 scu
1432 1451 1622 1472 1LLERL'M

137 1498 242 1532 usque
253 1513 263 1530 ‚
287 1488 335 1520 sic
355 1487 455 1520 etiam
471 1486 735 1531 philosophando
752 1498 997 1533 expressi-nuit.
1043 1494 1182 1526 Virilem
1198 1496 1238 1528 iis
1259 1495 1402 1528 indolem
1421 1501 1541 1529 natura
1561 1497 1621 1529 de-

136 1545 245 1578 derat:
275 1545 421 1585 amoris,
445 1545 604 1587 justitiae,
631 1547 929 1590 magnanimimtis‚
958 1555 1099 1582 naturae
1124 1562 1164 1583 ac
1180 1551 1342 1595 religionis
1366 1551 1475 1585 studio
1499 1553 1619 1595 dediti,

136 1602 334 1635 recentiores
359 1600 459 1632 aliam
482 1611 619 1643 prorsus
638 1603 728 1635 viani
753 1604 891 1647 ingressi
913 1615 954 1637 ac
978 1605 1182 1639 subtiliorem
1201 1612 1234 1638 et
1250 1606 1489 1640 abstrusiorein
1506 1608 1617 1652 philo-

135 1656 299 1700 sophandi
316 1657 480 1699 rationem
504 1658 608 1691 secuti
630 1664 717 1692 sinit.
772 1661 847 1702 Qua
863 1661 924 1692 etsi
946 1663 1043 1694 multi
1066 1662 1200 1695 ohsctui
1223 1662 1300 1696 facti
1322 1669 1421 1705 sunt,
1447 1675 1486 1697 eo
1506 1670 1620 1698 tamen

137 1713 284 1749 maxime
312 1718 440 1757 spectat
468 1719 659 1747 nosti-ommi
690 1714 866 1750 hominum
893 1717 1121 1762 philosophia,
1152 1726 1192 1753 ut
1221 1721 1407 1754 vindicetur
1433 1722 1595 1765 religionis
1608 1747 1618 1763 ‚

138 1769 240 1802 animi
266 1769 470 1813 incorporei,
501 1773 572 1814 ejus
601 1773 860 1806 immortalitatis
889 1780 921 1807 et
950 1775 1108 1809 libertatis
1138 1777 1274 1808 moralis
1309 1787 1434 1817 causa;
1462 1783 1500 1810 ut
1530 1779 1619 1821 quod

135 1833 265 1860 recttun
283 1829 324 1861 sit
350 1834 447 1873 atque
465 1830 642 1863 honestum
654 1856 663 1872 ‚
687 1831 789 1863 missa
804 1832 971 1875 voluptate
998 1842 1038 1864 ac
1053 1832 1203 1865 felicitate
1214 1857 1225 1874 ‚
1247 1833 1326 1866 illud
1350 1834 1460 1876 ipsum
1479 1841 1618 1878 expeta-

136 1889 191 1916 tur
218 1889 250 1916 et
272 1884 424 1918 ardentes
451 1897 582 1919 amores
607 1888 725 1920 excitet
753 1888 825 1929 sui,
847 1893 982 1931 propter
1006 1897 1062 1930 se,
1088 1890 1149 1921 sua
1169 1889 1221 1930 vi,
1252 1891 1310 1921 sua
1331 1895 1467 1932 sponte,
1490 1892 1616 1933 sucique

134 1939 265 1973 natura.
305 1940 404 1982 Quod
416 1942 513 1985 igitur
528 1953 547 1975 a
569 1955 671 1976 TULL
681 1956 692 1976 1
702 1955 722 1976 ο
745 1942 871 1978 dictum
887 1944 1024 1987 legimus
1039 1944 1079 1978 de
1094 1945 1279 1979 Stoicorum
1297 1956 1375 1980 cum
1391 1946 1617 1990 Peripateticis

1554 2012 1623 2046 pu·-

165 2061 228 2096 (Ὃ
252 2064 364 2092 Τῐ-ιεςιιί.
385 2065 420 2092 Ιῖ.
439 2073 467 2092 2.
