1961 2438
141 740 483 845 Quotiescunque,
507 782 548 814 A.
562 781 602 813 A.
625 781 665 812 H.
675 781 714 813 H.
737 779 820 812 vitae
841 788 929 811 meae
957 788 974 809 a
1000 776 1172 810 tenerrima
1201 780 1300 807 aetate
1330 774 1370 808 ad
1398 775 1487 809 hunc
1505 789 1607 823 usque

143 838 229 870 diem
259 838 446 869 memoriam
472 843 605 880 repeto,
637 837 729 868 toties
753 835 908 879 singulari
939 834 1146 878 benignitatis
1167 842 1242 874 erga
1275 842 1363 864 meae
1391 833 1519 868 divinae
1549 837 1608 868 ad·

143 895 314 926 miratione
343 896 412 938 capi
438 904 490 925 me
512 894 617 925 sentio
642 900 740 937 atque
771 892 979 925 commoveri.
1022 892 1117 922 Hunc
1151 899 1227 920 vero
1261 890 1360 920 animi
1389 893 1453 922 mei
1476 903 1607 924 sensum

143 962 218 985 cum
242 951 357 982 excitat
383 950 559 982 multorum
577 949 808 982 beneficiorum
836 947 1033 986 recordatio,
1058 957 1141 989 quae
1164 952 1211 976 tot
1237 955 1273 977 ac
1293 951 1381 977 tanta
1402 946 1436 977 in
1467 959 1518 979 me
1540 949 1607 980 col.

143 1007 207 1038 lata
239 1006 329 1038 fuere
363 1013 395 1038 et
430 1006 611 1044 cumulata,
649 1012 730 1049 quot
759 1012 792 1037 et
815 1011 934 1048 quanta
965 1004 1021 1036 vix
1052 1005 1088 1035 in
1115 1001 1255 1044 aliquem
1287 1001 1399 1033 cadere
1433 1014 1526 1046 posse
1548 1016 1608 1048 pu.

144 1070 225 1103 tem,
256 1069 326 1094 tum
357 1073 433 1095 vero
462 1063 557 1094 etiam
594 1062 702 1094 firmat
733 1062 901 1104 cogitatio,
932 1061 1058 1098 tristia,
1093 1068 1175 1102 quae
1203 1057 1284 1088 mihi
1311 1069 1442 1101 quoque
1467 1060 1609 1092 accidere

145 1119 267 1158 multa,
295 1119 384 1151 laetis
412 1119 499 1150 haud
525 1129 598 1151 raro
622 1119 667 1150 ita
692 1117 790 1150 fuisse
808 1118 906 1149 mixta
925 1124 957 1148 et
979 1121 1172 1159 temperata,
1208 1120 1245 1145 ut
1270 1114 1304 1146 in
1325 1114 1422 1146 rebus
1437 1115 1488 1147 vel
1510 1118 1610 1148 maxi-

145 1186 197 1207 me
220 1175 360 1207 adversis
384 1178 511 1207 animus
540 1175 708 1219 depressus
731 1181 763 1206 et
783 1173 995 1205 conturbatus
1021 1183 1097 1203 mox
1122 1169 1279 1214 placidam
1311 1172 1450 1214 quietem
1474 1183 1608 1216 reeupe.

144 1234 273 1264 raverit.
319 1231 442 1272 Quodsi
458 1238 549 1264 antea
564 1233 690 1275 saepius
709 1232 769 1262 sim
793 1236 963 1273 expertus,
987 1228 1083 1261 hodie
1103 1234 1186 1259 certe
1206 1226 1241 1258 id
1261 1227 1420 1270 imprimis
1438 1231 1609 1272 experiorr,

146 1287 319 1331 siquidem,
339 1290 528 1331 nuperrimo
561 1287 653 1319 obitu
685 1287 864 1319 carissimae
893 1285 1026 1325 sororis,
1063 1294 1144 1327 quae
1173 1284 1274 1324 mihi,
1306 1286 1387 1316 caris
1423 1286 1611 1328 parentibus

148 1343 274 1375 dudum
296 1342 428 1382 orbato,
457 1343 562 1375 adhuc
584 1354 624 1375 ex
648 1343 800 1375 omnibus
817 1343 1001 1374 necessariis
1022 1340 1089 1373 sola
1117 1347 1299 1383 supererat,
1329 1342 1534 1374 vehementer
1553 1345 1612 1375 'me

143 1410 330 1443 percussum
354 1406 385 1431 et
411 1399 603 1442 perfractum
627 1399 771 1431 sublevat
794 1400 876 1432 vitae
898 1399 986 1431 illius
1009 1398 1092 1430 bene
1115 1403 1203 1428 actae
1226 1398 1414 1429 suavissima
1431 1401 1585 1431 memoria
1599 1424 1611 1441 ,

145 1455 288 1487 sublevat
302 1455 535 1498 jucundissima
556 1456 721 1499 persuasio
736 1456 847 1487 multis
866 1467 935 1488 eam
955 1455 1052 1498 hujus
1070 1455 1154 1486 vitae
1171 1453 1263 1486 malis
1278 1461 1310 1485 et
1334 1457 1513 1494 aerumnis,
1538 1459 1612 1498 qui-

145 1512 206 1544 bus
229 1511 450 1554 premebatur,
475 1512 655 1551 liberatam,
677 1511 827 1544 beatioris
856 1513 922 1555 jam
952 1510 1073 1543 deliciis
1096 1510 1177 1549 frui,
1199 1509 1343 1542 sublevat
1367 1511 1507 1554 denique
1526 1512 1614 1544 haud

143 1579 259 1613 parum
282 1568 381 1610 hujus
404 1568 467 1600 diei
485 1568 677 1607 solennitas,
702 1580 785 1612 quae
812 1568 852 1600 ad
880 1568 1004 1606 studia,
1029 1566 1267 1598 infaustissimis
1289 1566 1386 1598 rebus
1412 1567 1610 1612 interrupta,

146 1625 240 1656 alacri
264 1625 372 1656 animo
397 1617 662 1668 redintegranda,
687 1626 777 1667 gravi
803 1631 970 1656 momento
995 1635 1046 1655 me
1065 1623 1217 1666 impellit,
1241 1634 1316 1654 cum
1344 1623 1507 1655 laetiorem
1527 1625 1613 1656 mul.

145 1688 179 1712 to
204 1687 235 1712 et
263 1681 466 1724 ampliorem,
497 1692 595 1724 quam
627 1692 708 1724 quae
741 1681 909 1724 hucusque
932 1680 1015 1712 mihi
1046 1680 1202 1722 contigit,
1232 1681 1507 1722 opportunitatem
1534 1693 1613 1712 nan-

146 1737 247 1768 ciscor
269 1748 345 1776 eas,
370 1748 451 1780 quae
479 1738 617 1768 maxime
646 1748 771 1780 semper
799 1737 881 1769 mihi
920 1747 1015 1768 curae
1040 1735 1194 1778 cordique
1223 1734 1374 1775 fuerunt,
1407 1736 1611 1780 disciplinas,

147 1793 311 1825 excolendi
339 1799 371 1824 et
404 1796 623 1839 aliquantum,
666 1795 694 1824 si
723 1793 795 1824 fieri
823 1784 939 1836 possit,
969 1791 1194 1836 promovendi.
1247 1793 1359 1834 Neque
1378 1802 1439 1835 ego
1461 1793 1487 1824 is
1519 1804 1613 1833 sum,

147 1852 204 1892 qui
225 1849 283 1880 has
305 1848 443 1886 doloris,
468 1850 541 1880 licet
569 1848 784 1888 acerbissimi,
813 1849 954 1881 leniendi
986 1850 1126 1880 rationes
1164 1848 1340 1879 levissimas
1375 1848 1507 1880 habeam
1522 1874 1532 1890 ‚
1557 1862 1614 1881 ne.

147 1916 210 1948 que
245 1906 339 1936 etiam
370 1906 426 1948 qui
458 1905 625 1948 publicum
654 1916 774 1937 munus
820 1906 962 1949 privatae
1003 1916 1116 1937 causae
1154 1904 1415 1948 postponendum
1465 1906 1612 1938 arbitrer.

147 1961 382 2001 Quamobrem,
406 1972 480 1991 cum
505 1961 603 2003 hujus
628 1963 771 1993 muneris
799 1962 985 2005 auspicandi
1012 1952 1157 1993 officium
1192 1961 1253 1992 hoc
1288 1968 1432 2004 tempore
1464 1962 1545 1993 mihi
1574 1963 1615 1993 sit

148 2019 356 2060 impositum,
379 2016 511 2055 eodem,
535 2029 596 2060 pro
613 2019 756 2059 viribus,
783 2017 960 2062 defungar,
985 2021 1131 2051 oratione
1152 2017 1413 2061 pronuntianda,
1438 2020 1529 2061 cujus
1546 2030 1613 2049 ma·

951 2078 979 2107 A
1005 2074 1024 2106 3
1572 2083 1617 2107 te·
