1961 2438
346 114 384 146 ³4
756 110 783 140 J,
853 104 1397 139 NIEUWENHUIS

350 198 475 241 pugni,
498 196 532 230 id
547 195 691 241 profecto
715 193 755 227 (le
777 195 1025 227 Germanorum
1040 191 1298 226 dissensionibus
1315 191 1586 236 philosophorum
1603 200 1735 226 smnmo
1749 193 1820 235 jure

349 255 562 288 statuendum
586 253 747 286 arbitror:
774 264 790 284 »
813 251 973 285 Illorum
999 255 1187 283 certamen
1212 259 1288 282 esse
1311 248 1516 290 honestum,
1541 255 1577 282 et
1603 248 1822 292 dispulalio-

350 326 367 345 »
393 321 475 344 nem
492 309 747 354 splemliclam;
768 307 885 341 onmis
903 307 1000 341 enim
1021 313 1075 340 esc
1095 306 1138 340 de
1158 305 1302 340 virtutis
1319 305 1498 350 ds‘gnilctle
1518 304 1699 338 contentio
1721 305 1821 348 (*),''

350 378 456 411 neque
482 367 522 399 de
554 365 736 399 obscoenis
767 363 1010 408 voluptatibus
1026 388 1036 406 ,
1067 363 1108 396 dc
1132 364 1252 407 quihus
1284 362 1326 395 ab
1363 364 1505 407 antiquis
1531 368 1562 395 et
1585 363 1820 396 recentioribus

351 424 460 467 Anglis
483 424 686 466 Francisque
710 422 902 465 saepissime
925 421 1130 464 disputatum
1151 426 1211 453 est.

392 479 456 512 Sed
475 490 540 523 quo
563 481 660 524 plura
675 479 743 512 huc
759 479 941 521 spectantia
967 477 1138 510 considero
1152 501 1162 518 ‚
1187 482 1219 508 et
1240 477 1351 510 animo
1376 482 1493 520 reputo
1520 476 1619 510 medii
1645 477 1716 509 aevi
1739 486 1823 508 con-

350 536 528 577 ditionem,
552 535 637 569 bella
662 546 780 577 sacra,
810 545 882 568 rem
907 539 1116 578 equestrem,
1140 533 1303 565 bonarum
1334 535 1610 567 restaurationem
1633 534 1822 573 literarium,

350 594 430 626 artis
453 594 677 627 inventionem
699 591 973 636 typographicae,
997 590 1203 624 Christianae
1223 589 1378 621 ecelesiae
1397 591 1680 629 cmendationenu
1703 589 1824 622 horum

350 651 447 693 igitur
477 650 628 682 omnium
652 650 721 682 vim
744 654 777 681 et
803 648 987 681 efficaciam
1016 648 1052 681 in
1078 644 1328 691 'plnlosophiam
1361 648 1578 679 recentiorem
1609 647 1637 680 si
1667 646 1823 690 indagare

351 707 486 745 vellem;
515 705 582 738 dies
596 730 604 746 ‚
629 705 731 737 latera
752 705 903 748 viresque
929 703 1095 737 deficiant.

395 762 522 796 Redeat
549 763 666 805 igitur,
690 761 778 795 unde
807 761 952 806 digressa
973 766 1040 802 est,
1061 761 1180 797 oratio;
1204 765 1237 792 et
1258 760 1499 804 praestantiam
1526 758 1751 803 philosophiae
1773 758 1825 791 di-

350 820 573 862 gnitatemque
607 818 845 852 concludamus
876 829 895 850 e
928 822 1097 851 sectarum
1124 817 1384 851 dissensionibus
1398 841 1407 858 ,
1439 818 1586 849 maxime
1620 826 1663 848 eo
1697 815 1829 859 perspi-

351 885 472 915 cuam,
505 873 604 919 qnod
623 873 711 918 ipsis
734 873 900 917 gentiam
928 872 1069 907 indoles
1095 873 1144 907 sit
1163 884 1361 917 expressa;
1384 874 1473 917 quod
1498 884 1516 905 e
1545 873 1688 916 cujusvis
1713 872 1828 904 aetatis

351 931 508 972 floribus,
538 941 556 963 e
580 931 839 974 praecipuarum
869 931 1016 974 gentium
1039 930 1222 972 fructibus,
1255 931 1295 963 de
1321 930 1439 963 arbore
1464 930 1681 962 humanitatis
1705 929 1829 972 optime

354 988 494 1030 judicari
513 988 638 1030 possit;
663 986 751 1030 quod
770 998 813 1019 ex
834 986 885 1020 his
908 991 1075 1020 sectarum
1096 986 1356 1020 dissensionibus
1368 1011 1377 1028 ,
1403 993 1563 1030 tanquam
1585 996 1627 1018 ex
1646 984 1829 1019 illustribus

353 1045 581 1078 monumentis
599 1068 609 1086 ,
640 1044 850 1076 saeculorum
879 1043 1023 1076 decursu
1053 1043 1096 1076 ad
1129 1043 1218 1077 Viam
1251 1043 1467 1077 lnunanitatis
1497 1043 1612 1086 positis
1627 1067 1636 1084 ,
1677 1047 1830 1074 accurate

356 1105 575 1144 cognosc-atur
588 1124 597 1142 ,
630 1110 797 1143 quaenam
822 1100 964 1142 cuiusvis
991 1100 1106 1132 aetatis
1128 1105 1280 1144 peractae
1307 1105 1396 1133 meta
1422 1099 1638 1143 philosopha,
1662 1108 1829 1143 quaenam

356 1158 500 1199 cujusvis
523 1157 626 1200 gentis
646 1157 681 1189 in
701 1155 965 1200 philosophando
988 1162 1074 1188 esset
1096 1157 1230 1199 propria
1247 1157 1317 1197 viS,
1340 1156 1465 1190 indoles
1479 1157 1610 1198 nativa,
1634 1155 1828 1196 maturitas,

357 1214 401 1247 ad
424 1224 525 1257 quam
548 1213 637 1247 lento
659 1213 763 1256 gradu
782 1223 955 1256 progressa
977 1213 1019 1245 sit
1044 1222 1140 1245 inens
1167 1211 1328 1245 humana.

399 1273 579 1303 Summum
608 1269 747 1312 denique
778 1275 1012 1312 argmnentum
1040 1279 1102 1311 pro
1130 1268 1357 1312 philosophiae
1382 1268 1555 1312 dignitate,
1585 1268 1758 1312 probanda
1790 1279 1832 1301 ex

355 1328 428 1371 ipso
456 1325 730 1370 philosophorum
754 1325 926 1366 dissensu,
959 1325 1041 1357 mihi
1071 1325 1218 1367 positum
1244 1334 1316 1356 esse
1346 1324 1475 1358 videtur
1503 1326 1537 1358 in
1561 1325 1697 1359 diversis
1721 1330 1832 1357 secta-

356 1393 433 1419 rum
457 1382 736 1423 dissensionibus,
767 1388 932 1425 quatenus
957 1392 1015 1414 eae
1038 1381 1202 1424 profectae
1229 1386 1308 1414 sunt
1332 1392 1352 1414 a
1381 1381 1511 1415 diversa
1538 1382 1741 1426 singulorum
1767 1381 1832 1414 ho-

355 1442 487 1474 minum
522 1439 829 1483 philosophantium
860 1439 969 1472 indole
1000 1443 1032 1470 et
1063 1437 1304 1470 constitutione.
1360 1441 1456 1480 Quae
1485 1438 1586 1471 modo
1618 1439 1762 1472 diximus
1793 1438 1835 1471 de

357 1496 508 1541 gentihus
536 1497 688 1530 universe
703 1521 712 1537 ‚
737 1507 776 1529 ea
800 1507 893 1530 nune
915 1495 1135 1528 adhibeamus
1164 1494 1205 1526 ad
1234 1495 1377 1538 singulos
1409 1494 1572 1528 hominos.

402 1557 454 1587 Dc
478 1555 600 1597 poetis,
632 1554 816 1596 historie-is,
846 1553 1054 1592 oratoribuS,
1086 1551 1126 1583 de
1157 1550 1339 1593 pictoribus
1352 1576 1360 1592 ,
1390 1551 1631 1595 sculptoribuS,
1657 1552 1837 1595 ceterisque

359 1611 504 1652 cujusvis
531 1611 609 1642 artis
634 1621 674 1644 ac
700 1610 890 1653 disciplinae
911 1608 1092 1642 cultoribus
1118 1609 1285 1651 cognitum
1310 1613 1360 1640 est
1385 1613 1482 1651 atque
1503 1614 1732 1651 perspectum,
1756 1618 1836 1651 pro—

359 1667 468 1711 priam
488 1667 608 1709 ingenii
628 1667 795 1710 animique
819 1667 963 1699 indolem
983 1663 1045 1699 suo
1067 1675 1232 1709 quemque
1256 1674 1354 1707 opere
1378 1664 1601 1697 manifestare.
1651 1664 1743 1697 Idem
1766 1671 1837 1696 sta-

362 1723 526 1755 tut—ndum
548 1727 597 1754 est
620 1722 659 1755 de
683 1722 899 1766 philosophis.
952 1725 999 1755 Ut
1024 1732 1141 1755 eorum
1162 1726 1270 1753 sectas
1299 1721 1529 1764 distinguimus
1552 1722 1585 1754 in
1609 1721 1729 1753 classes
1742 1745 1750 1761 ,
1774 1720 1837 1753 do-

364 1781 602 1823 gmaticorum,
627 1781 848 1823 scepticorum
873 1786 1079 1813 ceterorum:
1114 1779 1167 1811 Sic
1200 1777 1374 1810 commode
1402 1778 1529 1810 ratione
1556 1778 1674 1810 montis
1699 1778 1839 1811 fite-ulta-

364 1843 456 1878 tum,
480 1836 631 1869 homines
655 1836 841 1881 philosophi
867 1837 964 1870 variis
987 1836 1130 1869 discerni
1154 1840 1293 1879 possunt
1313 1834 1430 1868 indolis
1452 1834 1636 1878 generibus.

414 1895 481 1934 Qui
508 1895 628 1925 mentis
652 1893 820 1925 humanae
840 1893 1066 1927 infirmitatem
1095 1893 1241 1925 maxime
1269 1892 1433 1932 sonuum,
1466 1902 1606 1935 eamque
1631 1891 1674 1924 oh
1703 1901 1839 1924 causam

369 1949 642 1994 [fliilosophorum
659 1951 805 1993 placitis‘‚
829 1951 897 1983 imo
920 1960 997 1984 vero
1020 1949 1165 1983 hominis
1191 1950 1309 1983 rationi
1327 1949 1462 1981 omnino
1479 1948 1652 1989 diffidunt3
1676 1966 1716 1973 —
1739 1958 1841 1980 suum

1778 2004 1840 2047 ipsi

399 2075 463 2109 (*)
488 2077 548 2104 Cic.
567 2076 599 2102 de
619 2077 677 2102 fin.
698 2075 732 2102 Il.
753 2084 793 2103 21.
