<?xml version="1.0" encoding="UTF-8"?>
<!DOCTYPE html PUBLIC "-//W3C//DTD XHTML 1.0 Transitional//EN"
    "http://www.w3.org/TR/xhtml1/DTD/xhtml1-transitional.dtd">
<html xmlns="http://www.w3.org/1999/xhtml" xml:lang="en" lang="en">
 <head>
  <title>
</title>
<meta http-equiv="Content-Type" content="text/html;charset=utf-8" />
  <meta name='ocr-system' content='tesseract 3.04.00' />
  <meta name='ocr-capabilities' content='ocr_page ocr_carea ocr_par ocr_line ocrx_word'/>
</head>
<body>
  <div class='ocr_page' id='page_1' title='image "annalesacademiae22rijk_0266.png"; bbox 0 0 1930 2448; ppageno 0'>
   <div class='ocr_carea' id='block_1_1' title="bbox 284 105 1438 147">
    <p class='ocr_par' dir='ltr' id='par_1_1' title="bbox 284 105 1438 147">
     <span class='ocr_line' id='line_1_1' title="bbox 284 105 1438 147; baseline -0.002 -6"><span class='ocrx_word' id='word_1_1' title='bbox 284 113 306 147; x_wconf 80' lang='lat'><strong>6</strong></span> <span class='ocrx_word' id='word_1_2' title='bbox 665 105 1083 140; x_wconf 85' lang='lat' dir='ltr'>GERARDI</span> <span class='ocrx_word' id='word_1_3' title='bbox 1149 116 1211 138; x_wconf 62' lang='grc' dir='ltr'>υτ,</span> <span class='ocrx_word' id='word_1_4' title='bbox 1279 106 1438 139; x_wconf 86' lang='lat' dir='ltr'>VOS</span> 
     </span>
    </p>
   </div>
   <div class='ocr_carea' id='block_1_2' title="bbox 289 191 1814 1306">
    <p class='ocr_par' dir='ltr' id='par_1_2' title="bbox 292 191 1809 486">
     <span class='ocr_line' id='line_1_2' title="bbox 293 191 1807 237; baseline 0 -11"><span class='ocrx_word' id='word_1_5' title='bbox 293 195 482 226; x_wconf 86' lang='lat' dir='ltr'>conveniebat</span> <span class='ocrx_word' id='word_1_6' title='bbox 507 203 579 230; x_wconf 85' lang='lat' dir='ltr'>aqua</span> <span class='ocrx_word' id='word_1_7' title='bbox 602 195 719 231; x_wconf 80' lang='lat' dir='ltr'>lagenae</span> <span class='ocrx_word' id='word_1_8' title='bbox 745 192 902 228; x_wconf 85' lang='lat' dir='ltr'>secundae,</span> <span class='ocrx_word' id='word_1_9' title='bbox 926 200 997 229; x_wconf 88' lang='lat' dir='ltr'>quae</span> <span class='ocrx_word' id='word_1_10' title='bbox 1019 197 1113 221; x_wconf 88' lang='lat' dir='ltr'>tamen</span> <span class='ocrx_word' id='word_1_11' title='bbox 1139 199 1196 222; x_wconf 81' lang='lat' dir='ltr'>erat</span> <span class='ocrx_word' id='word_1_12' title='bbox 1220 191 1388 229; x_wconf 77' lang='lat' dir='ltr'>limpidior,</span> <span class='ocrx_word' id='word_1_13' title='bbox 1417 191 1511 222; x_wconf 88' lang='lat' dir='ltr'>minus</span> <span class='ocrx_word' id='word_1_14' title='bbox 1540 194 1633 231; x_wconf 85' lang='lat' dir='ltr'>salsa,</span> <span class='ocrx_word' id='word_1_15' title='bbox 1654 197 1705 226; x_wconf 85' lang='lat' dir='ltr'>sed</span> <span class='ocrx_word' id='word_1_16' title='bbox 1718 200 1807 237; x_wconf 73' lang='lat' dir='ltr'>magis</span> 
     </span>
     <span class='ocr_line' id='line_1_3' title="bbox 292 243 1808 284; baseline 0.003 -8"><span class='ocrx_word' id='word_1_17' title='bbox 292 247 420 277; x_wconf 75' lang='lat' dir='ltr'>foetens.</span> <span class='ocrx_word' id='word_1_18' title='bbox 466 246 551 281; x_wconf 79' lang='lat' dir='ltr'>Aqua</span> <span class='ocrx_word' id='word_1_19' title='bbox 577 247 691 282; x_wconf 82' lang='lat' dir='ltr'>lagenae</span> <span class='ocrx_word' id='word_1_20' title='bbox 714 245 812 273; x_wconf 84' lang='lat' dir='ltr'>tertiae</span> <span class='ocrx_word' id='word_1_21' title='bbox 838 246 923 282; x_wconf 85' lang='lat' dir='ltr'>longe</span> <span class='ocrx_word' id='word_1_22' title='bbox 947 243 1041 272; x_wconf 86' lang='lat' dir='ltr'>minus</span> <span class='ocrx_word' id='word_1_23' title='bbox 1075 243 1190 279; x_wconf 81' lang='lat' dir='ltr'>olebat,</span> <span class='ocrx_word' id='word_1_24' title='bbox 1219 251 1359 273; x_wconf 84' lang='lat' dir='ltr'>caeterum</span> <span class='ocrx_word' id='word_1_25' title='bbox 1393 243 1428 273; x_wconf 92' lang='lat' dir='ltr'>iis</span> <span class='ocrx_word' id='word_1_26' title='bbox 1454 243 1568 274; x_wconf 88' lang='lat' dir='ltr'>similis.</span> <span class='ocrx_word' id='word_1_27' title='bbox 1618 246 1715 284; x_wconf 87' lang='lat' dir='ltr'>Atque</span> <span class='ocrx_word' id='word_1_28' title='bbox 1739 249 1808 280; x_wconf 87' lang='lat' dir='ltr'>haec</span> 
     </span>
     <span class='ocr_line' id='line_1_4' title="bbox 294 294 1805 335; baseline 0.003 -9"><span class='ocrx_word' id='word_1_29' title='bbox 294 299 376 327; x_wconf 84' lang='lat' dir='ltr'>etiam</span> <span class='ocrx_word' id='word_1_30' title='bbox 397 297 444 326; x_wconf 85' lang='lat' dir='ltr'>vix</span> <span class='ocrx_word' id='word_1_31' title='bbox 459 296 552 326; x_wconf 78' lang='lat' dir='ltr'>affecit</span> <span class='ocrx_word' id='word_1_32' title='bbox 568 295 731 325; x_wconf 82' lang='lat' dir='ltr'>solutiones</span> <span class='ocrx_word' id='word_1_33' title='bbox 748 296 878 332; x_wconf 80' lang='lat' dir='ltr'>plumbi3</span> <span class='ocrx_word' id='word_1_34' title='bbox 911 296 1014 324; x_wconf 82' lang='lat' dir='ltr'>alterae</span> <span class='ocrx_word' id='word_1_35' title='bbox 1040 295 1138 330; x_wconf 81' lang='lat' dir='ltr'>valde,</span> <span class='ocrx_word' id='word_1_36' title='bbox 1161 294 1239 330; x_wconf 84' lang='lat' dir='ltr'>prior</span> <span class='ocrx_word' id='word_1_37' title='bbox 1262 295 1309 324; x_wconf 85' lang='lat' dir='ltr'>illa</span> <span class='ocrx_word' id='word_1_38' title='bbox 1337 295 1487 331; x_wconf 88' lang='lat' dir='ltr'>plumbum</span> <span class='ocrx_word' id='word_1_39' title='bbox 1505 295 1639 333; x_wconf 88' lang='lat' dir='ltr'>fuscum,</span> <span class='ocrx_word' id='word_1_40' title='bbox 1663 301 1805 335; x_wconf 81' lang='lat' dir='ltr'>posterior</span> 
     </span>
     <span class='ocr_line' id='line_1_5' title="bbox 294 346 1809 387; baseline 0 -10"><span class='ocrx_word' id='word_1_41' title='bbox 294 357 415 386; x_wconf 82' lang='lat' dir='ltr'>prorsus</span> <span class='ocrx_word' id='word_1_42' title='bbox 436 348 548 385; x_wconf 81' lang='lat' dir='ltr'>nigrum</span> <span class='ocrx_word' id='word_1_43' title='bbox 565 355 701 384; x_wconf 87' lang='lat' dir='ltr'>praeceps</span> <span class='ocrx_word' id='word_1_44' title='bbox 715 347 797 377; x_wconf 86' lang='lat' dir='ltr'>dans.</span> <span class='ocrx_word' id='word_1_45' title='bbox 838 348 942 383; x_wconf 81' lang='lat' dir='ltr'>Aquae</span> <span class='ocrx_word' id='word_1_46' title='bbox 963 347 1012 375; x_wconf 88' lang='lat' dir='ltr'>diu</span> <span class='ocrx_word' id='word_1_47' title='bbox 1037 352 1184 380; x_wconf 81' lang='lat' dir='ltr'>servatae,</span> <span class='ocrx_word' id='word_1_48' title='bbox 1205 355 1299 382; x_wconf 89' lang='lat' dir='ltr'>neque</span> <span class='ocrx_word' id='word_1_49' title='bbox 1327 346 1506 383; x_wconf 78' lang='lat' dir='ltr'>limpidiores</span> <span class='ocrx_word' id='word_1_50' title='bbox 1532 347 1622 377; x_wconf 86' lang='lat' dir='ltr'>factae</span> <span class='ocrx_word' id='word_1_51' title='bbox 1643 358 1731 387; x_wconf 87' lang='lat' dir='ltr'>sunt,</span> <span class='ocrx_word' id='word_1_52' title='bbox 1758 360 1809 381; x_wconf 75' lang='lat' dir='ltr'>ne-</span> 
     </span>
     <span class='ocr_line' id='line_1_6' title="bbox 295 397 1809 436; baseline 0.002 -8"><span class='ocrx_word' id='word_1_53' title='bbox 295 409 352 435; x_wconf 87' lang='lat' dir='ltr'>que</span> <span class='ocrx_word' id='word_1_54' title='bbox 382 401 497 428; x_wconf 87' lang='lat' dir='ltr'>odorem</span> <span class='ocrx_word' id='word_1_55' title='bbox 524 399 699 434; x_wconf 80' lang='lat' dir='ltr'>amiserunt,</span> <span class='ocrx_word' id='word_1_56' title='bbox 729 408 823 435; x_wconf 89' lang='lat' dir='ltr'>neque</span> <span class='ocrx_word' id='word_1_57' title='bbox 845 398 915 434; x_wconf 86' lang='lat' dir='ltr'>quid</span> <span class='ocrx_word' id='word_1_58' title='bbox 943 397 1071 427; x_wconf 85' lang='lat' dir='ltr'>sordium</span> <span class='ocrx_word' id='word_1_59' title='bbox 1099 399 1261 435; x_wconf 79' lang='lat' dir='ltr'>ejecerunt3</span> <span class='ocrx_word' id='word_1_60' title='bbox 1291 405 1389 427; x_wconf 85' lang='lat' dir='ltr'>coctae</span> <span class='ocrx_word' id='word_1_61' title='bbox 1415 397 1549 428; x_wconf 85' lang='lat' dir='ltr'>nonnihil</span> <span class='ocrx_word' id='word_1_62' title='bbox 1573 399 1749 436; x_wconf 83' lang='lat' dir='ltr'>limpidiores</span> <span class='ocrx_word' id='word_1_63' title='bbox 1779 409 1809 434; x_wconf 81' lang='lat' dir='ltr'>et</span> 
     </span>
     <span class='ocr_line' id='line_1_7' title="bbox 293 449 1088 486; baseline -0.003 -7"><span class='ocrx_word' id='word_1_64' title='bbox 293 451 429 480; x_wconf 78' lang='lat' dir='ltr'>salsiores</span> <span class='ocrx_word' id='word_1_65' title='bbox 447 450 535 479; x_wconf 83' lang='lat' dir='ltr'>sactae</span> <span class='ocrx_word' id='word_1_66' title='bbox 552 457 638 486; x_wconf 77' lang='lat' dir='ltr'>sunt,</span> <span class='ocrx_word' id='word_1_67' title='bbox 661 451 798 486; x_wconf 91' lang='lat' dir='ltr'>omnique</span> <span class='ocrx_word' id='word_1_68' title='bbox 812 449 923 478; x_wconf 88' lang='lat' dir='ltr'>foetore</span> <span class='ocrx_word' id='word_1_69' title='bbox 941 456 1088 486; x_wconf 87' lang='lat' dir='ltr'>purgatae.</span> 
     </span>
    </p>

    <p class='ocr_par' dir='ltr' id='par_1_3' title="bbox 289 500 1814 1306">
     <span class='ocr_line' id='line_1_8' title="bbox 331 500 1808 539; baseline 0.002 -9"><span class='ocrx_word' id='word_1_70' title='bbox 331 502 378 530; x_wconf 81' lang='lat' dir='ltr'>Ex</span> <span class='ocrx_word' id='word_1_71' title='bbox 398 502 520 539; x_wconf 86' lang='lat' dir='ltr'>singulis</span> <span class='ocrx_word' id='word_1_72' title='bbox 545 501 639 531; x_wconf 90' lang='lat' dir='ltr'>tribus</span> <span class='ocrx_word' id='word_1_73' title='bbox 664 502 756 530; x_wconf 89' lang='lat' dir='ltr'>coctis</span> <span class='ocrx_word' id='word_1_74' title='bbox 792 502 929 537; x_wconf 85' lang='lat' dir='ltr'>expulsus</span> <span class='ocrx_word' id='word_1_75' title='bbox 953 501 998 528; x_wconf 82' lang='lat' dir='ltr'>ae&#39;r</span> <span class='ocrx_word' id='word_1_76' title='bbox 1026 507 1163 537; x_wconf 83' lang='lat' dir='ltr'>exceptus</span> <span class='ocrx_word' id='word_1_77' title='bbox 1190 507 1232 530; x_wconf 87' lang='lat' dir='ltr'>est</span> <span class='ocrx_word' id='word_1_78' title='bbox 1256 500 1311 529; x_wconf 90' lang='lat' dir='ltr'>sub</span> <span class='ocrx_word' id='word_1_79' title='bbox 1342 500 1502 537; x_wconf 67' lang='lat' dir='ltr'>mercuriog,</span> <span class='ocrx_word' id='word_1_80' title='bbox 1534 509 1667 538; x_wconf 84' lang='lat' dir='ltr'>quaeque</span> <span class='ocrx_word' id='word_1_81' title='bbox 1687 503 1808 535; x_wconf 83' lang='lat' dir='ltr'>maxime</span> 
     </span>
     <span class='ocr_line' id='line_1_9' title="bbox 292 552 1809 596; baseline 0.001 -14"><span class='ocrx_word' id='word_1_82' title='bbox 292 553 422 582; x_wconf 77' lang='lat' dir='ltr'>foetebat</span> <span class='ocrx_word' id='word_1_83' title='bbox 440 562 533 596; x_wconf 75' lang='lat' dir='ltr'>aqua,</span> <span class='ocrx_word' id='word_1_84' title='bbox 554 555 622 590; x_wconf 88' lang='lat' dir='ltr'>plus</span> <span class='ocrx_word' id='word_1_85' title='bbox 637 553 709 582; x_wconf 75' lang='lat' dir='ltr'>aiiris</span> <span class='ocrx_word' id='word_1_86' title='bbox 726 552 857 582; x_wconf 81' lang='lat' dir='ltr'>reddidit.</span> <span class='ocrx_word' id='word_1_87' title='bbox 900 552 959 590; x_wconf 91' lang='lat' dir='ltr'>Qui</span> <span class='ocrx_word' id='word_1_88' title='bbox 977 553 1022 580; x_wconf 71' lang='lat' dir='ltr'>aer</span> <span class='ocrx_word' id='word_1_89' title='bbox 1040 553 1206 587; x_wconf 85' lang='lat' dir='ltr'>exploratus</span> <span class='ocrx_word' id='word_1_90' title='bbox 1223 552 1419 581; x_wconf 88' lang='lat' dir='ltr'>solutionibus</span> <span class='ocrx_word' id='word_1_91' title='bbox 1436 552 1546 588; x_wconf 87' lang='lat' dir='ltr'>plumbi</span> <span class='ocrx_word' id='word_1_92' title='bbox 1572 553 1631 582; x_wconf 89' lang='lat' dir='ltr'>fere</span> <span class='ocrx_word' id='word_1_93' title='bbox 1653 554 1746 584; x_wconf 92' lang='lat' dir='ltr'>omnis</span> <span class='ocrx_word' id='word_1_94' title='bbox 1760 556 1809 584; x_wconf 89' lang='lat' dir='ltr'>ab·</span> 
     </span>
     <span class='ocr_line' id='line_1_10' title="bbox 294 603 1808 641; baseline 0.001 -8"><span class='ocrx_word' id='word_1_95' title='bbox 294 605 411 633; x_wconf 85' lang='lat' dir='ltr'>sorbtus</span> <span class='ocrx_word' id='word_1_96' title='bbox 432 611 495 639; x_wconf 78' lang='lat' dir='ltr'>est,</span> <span class='ocrx_word' id='word_1_97' title='bbox 516 605 638 641; x_wconf 74' lang='lat' dir='ltr'>,plumbo</span> <span class='ocrx_word' id='word_1_98' title='bbox 656 604 740 641; x_wconf 88' lang='lat' dir='ltr'>nigro</span> <span class='ocrx_word' id='word_1_99' title='bbox 758 605 869 641; x_wconf 76' lang='lat' dir='ltr'>eject03</span> <span class='ocrx_word' id='word_1_100' title='bbox 893 613 907 632; x_wconf 88' lang='lat' dir='ltr'>a</span> <span class='ocrx_word' id='word_1_101' title='bbox 923 603 1032 639; x_wconf 83' lang='lat' dir='ltr'>reliqua</span> <span class='ocrx_word' id='word_1_102' title='bbox 1047 610 1127 639; x_wconf 86' lang='lat' dir='ltr'>parte</span> <span class='ocrx_word' id='word_1_103' title='bbox 1144 612 1216 638; x_wconf 86' lang='lat' dir='ltr'>aqua</span> <span class='ocrx_word' id='word_1_104' title='bbox 1240 604 1325 632; x_wconf 86' lang='lat' dir='ltr'>calcis</span> <span class='ocrx_word' id='word_1_105' title='bbox 1348 603 1481 633; x_wconf 86' lang='lat' dir='ltr'>nonnihil</span> <span class='ocrx_word' id='word_1_106' title='bbox 1505 604 1656 634; x_wconf 84' lang='lat' dir='ltr'>albicabat.</span> <span class='ocrx_word' id='word_1_107' title='bbox 1699 606 1808 636; x_wconf 81' lang='lat' dir='ltr'>Coctae</span> 
     </span>
     <span class='ocr_line' id='line_1_11' title="bbox 293 654 1809 693; baseline 0.001 -8"><span class='ocrx_word' id='word_1_108' title='bbox 293 665 383 692; x_wconf 86' lang='lat' dir='ltr'>aquae</span> <span class='ocrx_word' id='word_1_109' title='bbox 403 665 491 693; x_wconf 85' lang='lat' dir='ltr'>porro</span> <span class='ocrx_word' id='word_1_110' title='bbox 506 662 629 685; x_wconf 82' lang='lat' dir='ltr'>tentatae</span> <span class='ocrx_word' id='word_1_111' title='bbox 653 663 721 685; x_wconf 90' lang='lat' dir='ltr'>sunt</span> <span class='ocrx_word' id='word_1_112' title='bbox 740 655 820 683; x_wconf 89' lang='lat' dir='ltr'>acido</span> <span class='ocrx_word' id='word_1_113' title='bbox 845 655 958 683; x_wconf 79' lang='lat' dir='ltr'>oxalico</span> <span class='ocrx_word' id='word_1_114' title='bbox 985 661 1013 683; x_wconf 88' lang='lat' dir='ltr'>et</span> <span class='ocrx_word' id='word_1_115' title='bbox 1038 654 1141 683; x_wconf 87' lang='lat' dir='ltr'>nitrate</span> <span class='ocrx_word' id='word_1_116' title='bbox 1166 654 1293 691; x_wconf 80' lang='lat' dir='ltr'>argenti,</span> <span class='ocrx_word' id='word_1_117' title='bbox 1316 664 1374 690; x_wconf 91' lang='lat' dir='ltr'>quo</span> <span class='ocrx_word' id='word_1_118' title='bbox 1400 661 1526 691; x_wconf 89' lang='lat' dir='ltr'>utroque</span> <span class='ocrx_word' id='word_1_119' title='bbox 1552 656 1758 693; x_wconf 82' lang='lat' dir='ltr'>albescebant,</span> <span class='ocrx_word' id='word_1_120' title='bbox 1780 663 1809 686; x_wconf 89' lang='lat' dir='ltr'>et</span> 
     </span>
     <span class='ocr_line' id='line_1_12' title="bbox 292 705 1810 744; baseline 0.002 -9"><span class='ocrx_word' id='word_1_121' title='bbox 292 708 474 744; x_wconf 81' lang='lat' dir='ltr'>pulvisculus</span> <span class='ocrx_word' id='word_1_122' title='bbox 495 716 522 735; x_wconf 87' lang='lat' dir='ltr'>et</span> <span class='ocrx_word' id='word_1_123' title='bbox 539 707 623 736; x_wconf 91' lang='lat' dir='ltr'>flocci</span> <span class='ocrx_word' id='word_1_124' title='bbox 641 706 700 736; x_wconf 82' lang='lat' dir='ltr'>albi</span> <span class='ocrx_word' id='word_1_125' title='bbox 718 706 888 743; x_wconf 83' lang='lat' dir='ltr'>praecipites</span> <span class='ocrx_word' id='word_1_126' title='bbox 907 706 975 736; x_wconf 79' lang='lat' dir='ltr'>dati.</span> <span class='ocrx_word' id='word_1_127' title='bbox 1019 705 1160 734; x_wconf 88' lang='lat' dir='ltr'>Tentatae</span> <span class='ocrx_word' id='word_1_128' title='bbox 1186 705 1268 734; x_wconf 87' lang='lat' dir='ltr'>etiam</span> <span class='ocrx_word' id='word_1_129' title='bbox 1289 712 1359 734; x_wconf 88' lang='lat' dir='ltr'>sunt</span> <span class='ocrx_word' id='word_1_130' title='bbox 1385 705 1446 734; x_wconf 89' lang='lat' dir='ltr'>aliis</span> <span class='ocrx_word' id='word_1_131' title='bbox 1470 707 1668 742; x_wconf 83' lang='lat' dir='ltr'>corporibus,</span> <span class='ocrx_word' id='word_1_132' title='bbox 1692 715 1724 736; x_wconf 89' lang='lat' dir='ltr'>ut</span> <span class='ocrx_word' id='word_1_133' title='bbox 1748 717 1810 738; x_wconf 87' lang='lat' dir='ltr'>mu-</span> 
     </span>
     <span class='ocr_line' id='line_1_13' title="bbox 292 756 1810 795; baseline 0.001 -8"><span class='ocrx_word' id='word_1_134' title='bbox 292 759 361 787; x_wconf 80' lang='lat' dir='ltr'>riate</span> <span class='ocrx_word' id='word_1_135' title='bbox 383 759 518 795; x_wconf 74' lang='lat' dir='ltr'>bai-ytae‚</span> <span class='ocrx_word' id='word_1_136' title='bbox 540 758 620 787; x_wconf 85' lang='lat' dir='ltr'>acido</span> <span class='ocrx_word' id='word_1_137' title='bbox 639 757 794 794; x_wconf 78' lang='lat' dir='ltr'>prussic0‚</span> <span class='ocrx_word' id='word_1_138' title='bbox 817 757 902 792; x_wconf 81' lang='lat' dir='ltr'>aliis,</span> <span class='ocrx_word' id='word_1_139' title='bbox 924 757 974 785; x_wconf 82' lang='lat' dir='ltr'>secl</span> <span class='ocrx_word' id='word_1_140' title='bbox 1000 756 1074 785; x_wconf 83' lang='lat' dir='ltr'>nihil</span> <span class='ocrx_word' id='word_1_141' title='bbox 1099 756 1284 785; x_wconf 84' lang='lat' dir='ltr'>memorabile</span> <span class='ocrx_word' id='word_1_142' title='bbox 1309 756 1400 785; x_wconf 82' lang='lat' dir='ltr'>videri</span> <span class='ocrx_word' id='word_1_143' title='bbox 1420 756 1528 793; x_wconf 86' lang='lat' dir='ltr'>potuit.</span> <span class='ocrx_word' id='word_1_144' title='bbox 1570 757 1682 786; x_wconf 86' lang='lat' dir='ltr'>Deinde</span> <span class='ocrx_word' id='word_1_145' title='bbox 1711 758 1810 788; x_wconf 76' lang='lat' dir='ltr'>unciae</span> 
     </span>
     <span class='ocr_line' id='line_1_14' title="bbox 291 806 1809 846; baseline 0 -8"><span class='ocrx_word' id='word_1_146' title='bbox 291 809 396 846; x_wconf 81' lang='lat' dir='ltr'>viginti</span> <span class='ocrx_word' id='word_1_147' title='bbox 415 818 504 845; x_wconf 88' lang='lat' dir='ltr'>aquae</span> <span class='ocrx_word' id='word_1_148' title='bbox 530 809 665 837; x_wconf 87' lang='lat' dir='ltr'>decoctae</span> <span class='ocrx_word' id='word_1_149' title='bbox 694 815 761 837; x_wconf 88' lang='lat' dir='ltr'>sunt</span> <span class='ocrx_word' id='word_1_150' title='bbox 781 809 816 837; x_wconf 86' lang='lat' dir='ltr'>ad</span> <span class='ocrx_word' id='word_1_151' title='bbox 845 808 1023 844; x_wconf 80' lang='lat' dir='ltr'>siccitatem3</span> <span class='ocrx_word' id='word_1_152' title='bbox 1046 816 1170 844; x_wconf 86' lang='lat' dir='ltr'>cumque</span> <span class='ocrx_word' id='word_1_153' title='bbox 1193 809 1249 845; x_wconf 88' lang='lat' dir='ltr'>jam</span> <span class='ocrx_word' id='word_1_154' title='bbox 1272 806 1333 835; x_wconf 85' lang='lat' dir='ltr'>fere</span> <span class='ocrx_word' id='word_1_155' title='bbox 1356 807 1452 836; x_wconf 84' lang='lat' dir='ltr'>omnis</span> <span class='ocrx_word' id='word_1_156' title='bbox 1479 816 1552 843; x_wconf 85' lang='lat' dir='ltr'>aqua</span> <span class='ocrx_word' id='word_1_157' title='bbox 1573 814 1649 836; x_wconf 87' lang='lat' dir='ltr'>esset</span> <span class='ocrx_word' id='word_1_158' title='bbox 1669 808 1809 845; x_wconf 86' lang='lat' dir='ltr'>decocta,</span> 
     </span>
     <span class='ocr_line' id='line_1_15' title="bbox 292 858 1808 897; baseline 0 -8"><span class='ocrx_word' id='word_1_159' title='bbox 292 860 476 896; x_wconf 82' lang='lat' dir='ltr'>pulvisculus</span> <span class='ocrx_word' id='word_1_160' title='bbox 492 861 573 889; x_wconf 90' lang='lat' dir='ltr'>albus</span> <span class='ocrx_word' id='word_1_161' title='bbox 591 860 797 897; x_wconf 87' lang='lat' dir='ltr'>praecipitatus</span> <span class='ocrx_word' id='word_1_162' title='bbox 815 866 858 889; x_wconf 82' lang='lat' dir='ltr'>est</span> <span class='ocrx_word' id='word_1_163' title='bbox 878 860 928 889; x_wconf 88' lang='lat' dir='ltr'>vix</span> <span class='ocrx_word' id='word_1_164' title='bbox 945 859 1030 888; x_wconf 88' lang='lat' dir='ltr'>unius</span> <span class='ocrx_word' id='word_1_165' title='bbox 1048 859 1148 896; x_wconf 79' lang='lat' dir='ltr'>grani,</span> <span class='ocrx_word' id='word_1_166' title='bbox 1172 858 1222 895; x_wconf 91' lang='lat' dir='ltr'>qui</span> <span class='ocrx_word' id='word_1_167' title='bbox 1248 867 1342 894; x_wconf 89' lang='lat' dir='ltr'>neque</span> <span class='ocrx_word' id='word_1_168' title='bbox 1360 867 1434 894; x_wconf 87' lang='lat' dir='ltr'>aqua</span> <span class='ocrx_word' id='word_1_169' title='bbox 1449 859 1573 895; x_wconf 84' lang='lat' dir='ltr'>amplius</span> <span class='ocrx_word' id='word_1_170' title='bbox 1589 867 1684 894; x_wconf 86' lang='lat' dir='ltr'>neque</span> <span class='ocrx_word' id='word_1_171' title='bbox 1701 859 1808 895; x_wconf 83' lang='lat' dir='ltr'>spiritu</span> 
     </span>
     <span class='ocr_line' id='line_1_16' title="bbox 292 909 1807 948; baseline 0 -8"><span class='ocrx_word' id='word_1_172' title='bbox 292 911 353 941; x_wconf 79' lang='lat' dir='ltr'>vini</span> <span class='ocrx_word' id='word_1_173' title='bbox 374 912 606 948; x_wconf 78' lang='lat' dir='ltr'>suscipiebatur,</span> <span class='ocrx_word' id='word_1_174' title='bbox 636 912 686 940; x_wconf 88' lang='lat' dir='ltr'>sed</span> <span class='ocrx_word' id='word_1_175' title='bbox 706 918 822 948; x_wconf 89' lang='lat' dir='ltr'>potassa</span> <span class='ocrx_word' id='word_1_176' title='bbox 849 920 920 947; x_wconf 89' lang='lat' dir='ltr'>pura</span> <span class='ocrx_word' id='word_1_177' title='bbox 949 919 978 940; x_wconf 86' lang='lat' dir='ltr'>et</span> <span class='ocrx_word' id='word_1_178' title='bbox 1008 910 1117 941; x_wconf 84' lang='lat' dir='ltr'>fervida</span> <span class='ocrx_word' id='word_1_179' title='bbox 1138 909 1223 940; x_wconf 85' lang='lat' dir='ltr'>facile</span> <span class='ocrx_word' id='word_1_180' title='bbox 1249 917 1403 946; x_wconf 88' lang='lat' dir='ltr'>susceptus</span> <span class='ocrx_word' id='word_1_181' title='bbox 1428 917 1491 945; x_wconf 85' lang='lat' dir='ltr'>est,</span> <span class='ocrx_word' id='word_1_182' title='bbox 1514 910 1641 946; x_wconf 86' lang='lat' dir='ltr'>adeoque</span> <span class='ocrx_word' id='word_1_183' title='bbox 1663 919 1717 947; x_wconf 87' lang='lat' dir='ltr'>pro</span> <span class='ocrx_word' id='word_1_184' title='bbox 1731 917 1807 941; x_wconf 81' lang='lat' dir='ltr'>terra</span> 
     </span>
     <span class='ocr_line' id='line_1_17' title="bbox 293 961 1811 999; baseline -0.001 -7"><span class='ocrx_word' id='word_1_185' title='bbox 293 963 356 992; x_wconf 82' lang='lat' dir='ltr'>sive</span> <span class='ocrx_word' id='word_1_186' title='bbox 371 963 494 992; x_wconf 88' lang='lat' dir='ltr'>alumina</span> <span class='ocrx_word' id='word_1_187' title='bbox 512 963 573 992; x_wconf 88' lang='lat' dir='ltr'>sive</span> <span class='ocrx_word' id='word_1_188' title='bbox 591 962 704 999; x_wconf 79' lang='lat' dir='ltr'>silicea,</span> <span class='ocrx_word' id='word_1_189' title='bbox 727 964 774 992; x_wconf 92' lang='lat' dir='ltr'>vel</span> <span class='ocrx_word' id='word_1_190' title='bbox 801 969 923 998; x_wconf 83' lang='lat' dir='ltr'>utraque</span> <span class='ocrx_word' id='word_1_191' title='bbox 943 962 1089 992; x_wconf 88' lang='lat' dir='ltr'>habendus</span> <span class='ocrx_word' id='word_1_192' title='bbox 1110 962 1237 992; x_wconf 84' lang='lat' dir='ltr'>videtur.</span> <span class='ocrx_word' id='word_1_193' title='bbox 1278 961 1363 991; x_wconf 84' lang='lat' dir='ltr'>Brevi</span> <span class='ocrx_word' id='word_1_194' title='bbox 1388 969 1456 998; x_wconf 87' lang='lat' dir='ltr'>post</span> <span class='ocrx_word' id='word_1_195' title='bbox 1469 968 1570 990; x_wconf 88' lang='lat' dir='ltr'>tenues</span> <span class='ocrx_word' id='word_1_196' title='bbox 1589 962 1716 990; x_wconf 81' lang='lat' dir='ltr'>lamellae</span> <span class='ocrx_word' id='word_1_197' title='bbox 1729 969 1811 991; x_wconf 85' lang='lat' dir='ltr'>natae</span> 
     </span>
     <span class='ocr_line' id='line_1_18' title="bbox 290 1013 1812 1050; baseline 0.001 -8"><span class='ocrx_word' id='word_1_198' title='bbox 290 1021 379 1049; x_wconf 77' lang='lat' dir='ltr'>sunt,</span> <span class='ocrx_word' id='word_1_199' title='bbox 401 1015 480 1042; x_wconf 83' lang='lat' dir='ltr'>albae</span> <span class='ocrx_word' id='word_1_200' title='bbox 505 1021 533 1043; x_wconf 87' lang='lat' dir='ltr'>et</span> <span class='ocrx_word' id='word_1_201' title='bbox 555 1013 667 1050; x_wconf 87' lang='lat' dir='ltr'>saporis</span> <span class='ocrx_word' id='word_1_202' title='bbox 694 1023 761 1043; x_wconf 85' lang='lat' dir='ltr'>vere</span> <span class='ocrx_word' id='word_1_203' title='bbox 781 1013 869 1049; x_wconf 89' lang='lat' dir='ltr'>salsi,</span> <span class='ocrx_word' id='word_1_204' title='bbox 899 1023 983 1049; x_wconf 89' lang='lat' dir='ltr'>quem</span> <span class='ocrx_word' id='word_1_205' title='bbox 1014 1014 1099 1042; x_wconf 86' lang='lat' dir='ltr'>habet</span> <span class='ocrx_word' id='word_1_206' title='bbox 1124 1015 1167 1042; x_wconf 87' lang='lat' dir='ltr'>sal</span> <span class='ocrx_word' id='word_1_207' title='bbox 1190 1014 1329 1043; x_wconf 86' lang='lat' dir='ltr'>culinare.</span> <span class='ocrx_word' id='word_1_208' title='bbox 1372 1013 1460 1042; x_wconf 86' lang='lat' dir='ltr'>Omni</span> <span class='ocrx_word' id='word_1_209' title='bbox 1481 1022 1554 1049; x_wconf 89' lang='lat' dir='ltr'>aqua</span> <span class='ocrx_word' id='word_1_210' title='bbox 1582 1014 1700 1042; x_wconf 86' lang='lat' dir='ltr'>decocta</span> <span class='ocrx_word' id='word_1_211' title='bbox 1722 1013 1812 1043; x_wconf 79' lang='lat' dir='ltr'>salina</span> 
     </span>
     <span class='ocr_line' id='line_1_19' title="bbox 291 1063 1814 1103; baseline -0.001 -10"><span class='ocrx_word' id='word_1_212' title='bbox 291 1071 387 1093; x_wconf 85' lang='lat' dir='ltr'>crusta</span> <span class='ocrx_word' id='word_1_213' title='bbox 404 1065 500 1093; x_wconf 82' lang='lat' dir='ltr'>relicta</span> <span class='ocrx_word' id='word_1_214' title='bbox 517 1072 560 1093; x_wconf 82' lang='lat' dir='ltr'>est</span> <span class='ocrx_word' id='word_1_215' title='bbox 577 1073 728 1101; x_wconf 86' lang='lat' dir='ltr'>granorum</span> <span class='ocrx_word' id='word_1_216' title='bbox 749 1071 828 1093; x_wconf 78' lang='lat' dir='ltr'>octo·</span> <span class='ocrx_word' id='word_1_217' title='bbox 870 1064 970 1100; x_wconf 87' lang='lat' dir='ltr'>Atqu-e</span> <span class='ocrx_word' id='word_1_218' title='bbox 988 1065 1074 1103; x_wconf 86' lang='lat' dir='ltr'>hujus</span> <span class='ocrx_word' id='word_1_219' title='bbox 1096 1065 1215 1093; x_wconf 85' lang='lat' dir='ltr'>maxima</span> <span class='ocrx_word' id='word_1_220' title='bbox 1228 1073 1295 1101; x_wconf 87' lang='lat' dir='ltr'>pars</span> <span class='ocrx_word' id='word_1_221' title='bbox 1323 1063 1407 1092; x_wconf 87' lang='lat' dir='ltr'>facile</span> <span class='ocrx_word' id='word_1_222' title='bbox 1432 1064 1591 1100; x_wconf 85' lang='lat' dir='ltr'>deliquium</span> <span class='ocrx_word' id='word_1_223' title='bbox 1608 1064 1638 1093; x_wconf 87' lang='lat' dir='ltr'>in</span> <span class='ocrx_word' id='word_1_224' title='bbox 1652 1065 1716 1093; x_wconf 68' lang='lat' dir='ltr'>aere</span> <span class='ocrx_word' id='word_1_225' title='bbox 1728 1071 1814 1100; x_wconf 78' lang='lat' dir='ltr'>passa.</span> 
     </span>
     <span class='ocr_line' id='line_1_20' title="bbox 289 1113 1811 1151; baseline -0.001 -7"><span class='ocrx_word' id='word_1_226' title='bbox 289 1121 336 1144; x_wconf 84' lang='lat' dir='ltr'>est</span> <span class='ocrx_word' id='word_1_227' title='bbox 354 1116 507 1151; x_wconf 80' lang='lat' dir='ltr'>(lamellae</span> <span class='ocrx_word' id='word_1_228' title='bbox 534 1115 613 1143; x_wconf 82' lang='lat' dir='ltr'>enim</span> <span class='ocrx_word' id='word_1_229' title='bbox 635 1115 840 1144; x_wconf 84' lang='lat' dir='ltr'>humescebant</span> <span class='ocrx_word' id='word_1_230' title='bbox 868 1116 981 1150; x_wconf 89' lang='lat' dir='ltr'>quidem</span> <span class='ocrx_word' id='word_1_231' title='bbox 992 1127 1010 1151; x_wconf 61' lang='lat'>‚‘</span> <span class='ocrx_word' id='word_1_232' title='bbox 1024 1125 1076 1145; x_wconf 89' lang='lat' dir='ltr'>nec</span> <span class='ocrx_word' id='word_1_233' title='bbox 1104 1123 1197 1145; x_wconf 87' lang='lat' dir='ltr'>tamen</span> <span class='ocrx_word' id='word_1_234' title='bbox 1222 1114 1457 1151; x_wconf 77' lang='lat' dir='ltr'>deliquescebant</span> <span class='ocrx_word' id='word_1_235' title='bbox 1466 1125 1480 1151; x_wconf 81' lang='grc'><strong><em>)</em></strong></span> <span class='ocrx_word' id='word_1_236' title='bbox 1505 1120 1532 1141; x_wconf 86' lang='lat' dir='ltr'>et</span> <span class='ocrx_word' id='word_1_237' title='bbox 1555 1114 1615 1143; x_wconf 86' lang='lat' dir='ltr'>fere</span> <span class='ocrx_word' id='word_1_238' title='bbox 1630 1115 1764 1145; x_wconf 78' lang='lat' dir='ltr'>universa</span> <span class='ocrx_word' id='word_1_239' title='bbox 1780 1113 1811 1144; x_wconf 87' lang='lat' dir='ltr'>in</span> 
     </span>
     <span class='ocr_line' id='line_1_21' title="bbox 290 1163 1811 1203; baseline -0.001 -9"><span class='ocrx_word' id='word_1_240' title='bbox 290 1166 397 1201; x_wconf 81' lang='lat' dir='ltr'>spiritu</span> <span class='ocrx_word' id='word_1_241' title='bbox 412 1166 472 1195; x_wconf 89' lang='lat' dir='ltr'>vini</span> <span class='ocrx_word' id='word_1_242' title='bbox 490 1172 637 1202; x_wconf 86' lang='lat' dir='ltr'>suscepta.</span> <span class='ocrx_word' id='word_1_243' title='bbox 679 1166 726 1195; x_wconf 89' lang='lat' dir='ltr'>llli</span> <span class='ocrx_word' id='word_1_244' title='bbox 750 1166 958 1202; x_wconf 86' lang='lat' dir='ltr'>deliquescenti</span> <span class='ocrx_word' id='word_1_245' title='bbox 983 1167 1059 1203; x_wconf 83' lang='lat' dir='ltr'>parti</span> <span class='ocrx_word' id='word_1_246' title='bbox 1084 1176 1150 1196; x_wconf 88' lang='lat' dir='ltr'>cum</span> <span class='ocrx_word' id='word_1_247' title='bbox 1172 1166 1284 1196; x_wconf 86' lang='lat' dir='ltr'>acidum</span> <span class='ocrx_word' id='word_1_248' title='bbox 1306 1165 1449 1194; x_wconf 79' lang='lat' dir='ltr'>oxalicum</span> <span class='ocrx_word' id='word_1_249' title='bbox 1478 1163 1684 1199; x_wconf 83' lang='lat' dir='ltr'>instillaretur,</span> <span class='ocrx_word' id='word_1_250' title='bbox 1713 1163 1811 1200; x_wconf 76' lang='lat' dir='ltr'>pulvis</span> 
     </span>
     <span class='ocr_line' id='line_1_22' title="bbox 289 1214 1810 1254; baseline -0.001 -10"><span class='ocrx_word' id='word_1_251' title='bbox 289 1216 373 1245; x_wconf 85' lang='lat' dir='ltr'>albus</span> <span class='ocrx_word' id='word_1_252' title='bbox 390 1225 527 1254; x_wconf 82' lang='lat' dir='ltr'>praeceps</span> <span class='ocrx_word' id='word_1_253' title='bbox 545 1217 628 1246; x_wconf 89' lang='lat' dir='ltr'>datus</span> <span class='ocrx_word' id='word_1_254' title='bbox 648 1223 711 1253; x_wconf 82' lang='lat' dir='ltr'>est3</span> <span class='ocrx_word' id='word_1_255' title='bbox 746 1217 826 1246; x_wconf 84' lang='lat' dir='ltr'>alteri</span> <span class='ocrx_word' id='word_1_256' title='bbox 850 1224 942 1246; x_wconf 87' lang='lat' dir='ltr'>autem</span> <span class='ocrx_word' id='word_1_257' title='bbox 965 1217 1038 1254; x_wconf 87' lang='lat' dir='ltr'>parti</span> <span class='ocrx_word' id='word_1_258' title='bbox 1054 1217 1083 1247; x_wconf 86' lang='lat' dir='ltr'>in</span> <span class='ocrx_word' id='word_1_259' title='bbox 1098 1218 1202 1254; x_wconf 81' lang='lat' dir='ltr'>spiritu</span> <span class='ocrx_word' id='word_1_260' title='bbox 1217 1217 1278 1247; x_wconf 82' lang='lat' dir='ltr'>vini</span> <span class='ocrx_word' id='word_1_261' title='bbox 1303 1225 1363 1246; x_wconf 90' lang='lat' dir='ltr'>non</span> <span class='ocrx_word' id='word_1_262' title='bbox 1380 1222 1550 1252; x_wconf 86' lang='lat' dir='ltr'>suscep-tae,</span> <span class='ocrx_word' id='word_1_263' title='bbox 1572 1214 1712 1247; x_wconf 81' lang='lat' dir='ltr'>instillato</span> <span class='ocrx_word' id='word_1_264' title='bbox 1729 1214 1810 1244; x_wconf 88' lang='lat' dir='ltr'>acido</span> 
     </span>
     <span class='ocr_line' id='line_1_23' title="bbox 293 1266 1812 1306; baseline -0.001 -10"><span class='ocrx_word' id='word_1_265' title='bbox 293 1268 466 1303; x_wconf 82' lang='lat' dir='ltr'>muriatico,</span> <span class='ocrx_word' id='word_1_266' title='bbox 489 1277 544 1297; x_wconf 88' lang='lat' dir='ltr'>una</span> <span class='ocrx_word' id='word_1_267' title='bbox 562 1270 685 1297; x_wconf 85' lang='lat' dir='ltr'>alterave</span> <span class='ocrx_word' id='word_1_268' title='bbox 701 1268 811 1297; x_wconf 89' lang='lat' dir='ltr'>bullula</span> <span class='ocrx_word' id='word_1_269' title='bbox 826 1268 945 1304; x_wconf 84' lang='lat' dir='ltr'>prodiit.</span> <span class='ocrx_word' id='word_1_270' title='bbox 988 1269 1132 1298; x_wconf 85' lang='lat' dir='ltr'>Omnibus</span> <span class='ocrx_word' id='word_1_271' title='bbox 1148 1269 1238 1306; x_wconf 52' lang='lat' dir='ltr'>&gt;igitur</span> <span class='ocrx_word' id='word_1_272' title='bbox 1256 1267 1369 1297; x_wconf 81' lang='lat' dir='ltr'>collatis</span> <span class='ocrx_word' id='word_1_273' title='bbox 1384 1274 1502 1303; x_wconf 85' lang='lat' dir='ltr'>apparet</span> <span class='ocrx_word' id='word_1_274' title='bbox 1516 1267 1546 1295; x_wconf 79' lang='lat' dir='ltr'>in</span> <span class='ocrx_word' id='word_1_275' title='bbox 1565 1267 1650 1302; x_wconf 84' lang='lat' dir='ltr'>aquis</span> <span class='ocrx_word' id='word_1_276' title='bbox 1666 1266 1722 1295; x_wconf 81' lang='lat' dir='ltr'>illis</span> <span class='ocrx_word' id='word_1_277' title='bbox 1742 1275 1812 1295; x_wconf 77' lang='lat' dir='ltr'>con-</span> 
     </span>
    </p>
   </div>
   <div class='ocr_carea' id='block_1_3' title="bbox 289 1317 1813 1406">
    <p class='ocr_par' dir='ltr' id='par_1_4' title="bbox 289 1317 1813 1406">
     <span class='ocr_line' id='line_1_24' title="bbox 292 1317 1813 1355; baseline -0.001 -9"><span class='ocrx_word' id='word_1_278' title='bbox 292 1318 377 1347; x_wconf 81' lang='lat' dir='ltr'>tineri</span> <span class='ocrx_word' id='word_1_279' title='bbox 393 1326 421 1348; x_wconf 87' lang='lat' dir='ltr'>et</span> <span class='ocrx_word' id='word_1_280' title='bbox 433 1326 523 1348; x_wconf 82' lang='lat' dir='ltr'>terras</span> <span class='ocrx_word' id='word_1_281' title='bbox 542 1327 571 1348; x_wconf 88' lang='lat' dir='ltr'>et</span> <span class='ocrx_word' id='word_1_282' title='bbox 586 1322 660 1348; x_wconf 81' lang='lat' dir='ltr'>sales</span> <span class='ocrx_word' id='word_1_283' title='bbox 677 1326 706 1349; x_wconf 77' lang='lat' dir='ltr'>et</span> <span class='ocrx_word' id='word_1_284' title='bbox 729 1321 831 1355; x_wconf 56' lang='lat' dir='ltr'>aerem,</span> <span class='ocrx_word' id='word_1_285' title='bbox 862 1320 987 1348; x_wconf 84' lang='lat' dir='ltr'>siliceam</span> <span class='ocrx_word' id='word_1_286' title='bbox 1017 1329 1081 1349; x_wconf 85' lang='lat' dir='ltr'>cum</span> <span class='ocrx_word' id='word_1_287' title='bbox 1109 1321 1253 1355; x_wconf 86' lang='lat' dir='ltr'>alumina,</span> <span class='ocrx_word' id='word_1_288' title='bbox 1276 1319 1382 1348; x_wconf 84' lang='lat' dir='ltr'>murias</span> <span class='ocrx_word' id='word_1_289' title='bbox 1410 1319 1514 1353; x_wconf 86' lang='lat' dir='ltr'>calcis,</span> <span class='ocrx_word' id='word_1_290' title='bbox 1544 1317 1649 1347; x_wconf 85' lang='lat' dir='ltr'>murias</span> <span class='ocrx_word' id='word_1_291' title='bbox 1672 1318 1758 1346; x_wconf 84' lang='lat' dir='ltr'>sodae</span> <span class='ocrx_word' id='word_1_292' title='bbox 1785 1323 1813 1345; x_wconf 90' lang='lat' dir='ltr'>et</span> 
     </span>
     <span class='ocr_line' id='line_1_25' title="bbox 289 1366 1634 1406; baseline 0 -10"><span class='ocrx_word' id='word_1_293' title='bbox 289 1369 430 1397; x_wconf 71' lang='lat' dir='ltr'>carbones</span> <span class='ocrx_word' id='word_1_294' title='bbox 446 1370 553 1406; x_wconf 87' lang='lat' dir='ltr'>calcis;</span> <span class='ocrx_word' id='word_1_295' title='bbox 577 1377 721 1406; x_wconf 84' lang='lat' dir='ltr'>praeterea</span> <span class='ocrx_word' id='word_1_296' title='bbox 741 1378 788 1405; x_wconf 79' lang='lat' dir='ltr'>gas</span> <span class='ocrx_word' id='word_1_297' title='bbox 805 1367 1015 1404; x_wconf 75' lang='lat' dir='ltr'>hydrogenium</span> <span class='ocrx_word' id='word_1_298' title='bbox 1033 1367 1233 1402; x_wconf 78' lang='lat' dir='ltr'>sulphuratum</span> <span class='ocrx_word' id='word_1_299' title='bbox 1251 1373 1279 1394; x_wconf 89' lang='lat' dir='ltr'>et</span> <span class='ocrx_word' id='word_1_300' title='bbox 1295 1366 1406 1394; x_wconf 86' lang='lat' dir='ltr'>acidum</span> <span class='ocrx_word' id='word_1_301' title='bbox 1422 1366 1616 1396; x_wconf 87' lang='lat' dir='ltr'>carbonicum.</span> <span class='ocrx_word' id='word_1_302' title='bbox 1631 1382 1634 1383; x_wconf 41' lang='lat'><em>⁷</em></span> 
     </span>
    </p>
   </div>
   <div class='ocr_carea' id='block_1_4' title="bbox 295 1415 1814 2067">
    <p class='ocr_par' dir='ltr' id='par_1_5' title="bbox 295 1415 1814 1506">
     <span class='ocr_line' id='line_1_26' title="bbox 334 1415 1814 1457; baseline -0.001 -9"><span class='ocrx_word' id='word_1_303' title='bbox 334 1420 367 1448; x_wconf 86' lang='lat' dir='ltr'>In</span> <span class='ocrx_word' id='word_1_304' title='bbox 390 1419 459 1447; x_wconf 90' lang='lat' dir='ltr'>limo</span> <span class='ocrx_word' id='word_1_305' title='bbox 478 1419 573 1448; x_wconf 87' lang='lat' dir='ltr'>inveni</span> <span class='ocrx_word' id='word_1_306' title='bbox 589 1428 617 1450; x_wconf 89' lang='lat' dir='ltr'>et</span> <span class='ocrx_word' id='word_1_307' title='bbox 636 1421 763 1457; x_wconf 78' lang='lat' dir='ltr'>argillam</span> <span class='ocrx_word' id='word_1_308' title='bbox 785 1426 813 1447; x_wconf 91' lang='lat' dir='ltr'>et</span> <span class='ocrx_word' id='word_1_309' title='bbox 839 1425 944 1447; x_wconf 81' lang='lat' dir='ltr'>cretam</span> <span class='ocrx_word' id='word_1_310' title='bbox 962 1424 991 1446; x_wconf 86' lang='lat' dir='ltr'>et</span> <span class='ocrx_word' id='word_1_311' title='bbox 1010 1427 1146 1454; x_wconf 76' lang='lat' dir='ltr'>arenam,</span> <span class='ocrx_word' id='word_1_312' title='bbox 1167 1425 1256 1454; x_wconf 71' lang='lat' dir='ltr'>porro</span> <span class='ocrx_word' id='word_1_313' title='bbox 1275 1416 1384 1452; x_wconf 86' lang='lat' dir='ltr'>aliquid</span> <span class='ocrx_word' id='word_1_314' title='bbox 1398 1416 1547 1453; x_wconf 83' lang='lat' dir='ltr'>sulphuris</span> <span class='ocrx_word' id='word_1_315' title='bbox 1563 1423 1592 1446; x_wconf 82' lang='lat' dir='ltr'>et</span> <span class='ocrx_word' id='word_1_316' title='bbox 1608 1415 1699 1453; x_wconf 77' lang='lat' dir='ltr'>ferri,</span> <span class='ocrx_word' id='word_1_317' title='bbox 1721 1423 1814 1446; x_wconf 86' lang='lat' dir='ltr'>caete-</span> 
     </span>
     <span class='ocr_line' id='line_1_27' title="bbox 295 1468 1145 1506; baseline -0.004 -7"><span class='ocrx_word' id='word_1_318' title='bbox 295 1480 357 1500; x_wconf 73' lang='lat' dir='ltr'>rum</span> <span class='ocrx_word' id='word_1_319' title='bbox 376 1477 575 1506; x_wconf 84' lang='lat' dir='ltr'>putrescentes</span> <span class='ocrx_word' id='word_1_320' title='bbox 593 1470 728 1505; x_wconf 85' lang='lat' dir='ltr'>reliquias</span> <span class='ocrx_word' id='word_1_321' title='bbox 746 1471 906 1506; x_wconf 83' lang='lat' dir='ltr'>plantarum</span> <span class='ocrx_word' id='word_1_322' title='bbox 927 1475 955 1497; x_wconf 89' lang='lat' dir='ltr'>et</span> <span class='ocrx_word' id='word_1_323' title='bbox 971 1468 1145 1497; x_wconf 85' lang='lat' dir='ltr'>animalium.</span> 
     </span>
    </p>

    <p class='ocr_par' dir='ltr' id='par_1_6' title="bbox 295 1518 1814 2067">
     <span class='ocr_line' id='line_1_28' title="bbox 334 1518 1812 1556; baseline -0.001 -7"><span class='ocrx_word' id='word_1_324' title='bbox 334 1521 490 1550; x_wconf 82' lang='lat' dir='ltr'>lncrustati</span> <span class='ocrx_word' id='word_1_325' title='bbox 507 1521 631 1550; x_wconf 88' lang='lat' dir='ltr'>frustum</span> <span class='ocrx_word' id='word_1_326' title='bbox 649 1522 852 1556; x_wconf 85' lang='lat' dir='ltr'>scrupulorum</span> <span class='ocrx_word' id='word_1_327' title='bbox 869 1520 990 1549; x_wconf 86' lang='lat' dir='ltr'>sedecim</span> <span class='ocrx_word' id='word_1_328' title='bbox 1009 1519 1038 1548; x_wconf 89' lang='lat' dir='ltr'>in</span> <span class='ocrx_word' id='word_1_329' title='bbox 1048 1521 1194 1556; x_wconf 83' lang='lat' dir='ltr'>pulverem</span> <span class='ocrx_word' id='word_1_330' title='bbox 1213 1518 1413 1547; x_wconf 82' lang='lat' dir='ltr'>tenuissimum</span> <span class='ocrx_word' id='word_1_331' title='bbox 1431 1526 1529 1547; x_wconf 86' lang='lat' dir='ltr'>tusum</span> <span class='ocrx_word' id='word_1_332' title='bbox 1548 1525 1591 1548; x_wconf 86' lang='lat' dir='ltr'>est</span> <span class='ocrx_word' id='word_1_333' title='bbox 1603 1526 1632 1547; x_wconf 88' lang='lat' dir='ltr'>et</span> <span class='ocrx_word' id='word_1_334' title='bbox 1649 1528 1712 1548; x_wconf 88' lang='lat' dir='ltr'>cum</span> <span class='ocrx_word' id='word_1_335' title='bbox 1731 1519 1812 1548; x_wconf 86' lang='lat' dir='ltr'>acido</span> 
     </span>
     <span class='ocr_line' id='line_1_29' title="bbox 296 1571 1812 1607; baseline 0 -8"><span class='ocrx_word' id='word_1_336' title='bbox 296 1572 447 1600; x_wconf 62' lang='lat' dir='ltr'>muriatico</span> <span class='ocrx_word' id='word_1_337' title='bbox 470 1578 631 1601; x_wconf 76' lang='lat' dir='ltr'>tractatum.</span> <span class='ocrx_word' id='word_1_338' title='bbox 680 1571 908 1600; x_wconf 65' lang='lat' dir='ltr'>Eum-vescentia</span> <span class='ocrx_word' id='word_1_339' title='bbox 933 1579 1033 1607; x_wconf 84' lang='lat' dir='ltr'>magna</span> <span class='ocrx_word' id='word_1_340' title='bbox 1052 1578 1079 1599; x_wconf 90' lang='lat' dir='ltr'>et</span> <span class='ocrx_word' id='word_1_341' title='bbox 1103 1571 1184 1599; x_wconf 83' lang='lat' dir='ltr'>valde</span> <span class='ocrx_word' id='word_1_342' title='bbox 1213 1579 1333 1606; x_wconf 85' lang='lat' dir='ltr'>spumea</span> <span class='ocrx_word' id='word_1_343' title='bbox 1360 1577 1426 1600; x_wconf 84' lang='lat' dir='ltr'>nata</span> <span class='ocrx_word' id='word_1_344' title='bbox 1451 1577 1520 1606; x_wconf 79' lang='lat' dir='ltr'>est3</span> <span class='ocrx_word' id='word_1_345' title='bbox 1553 1577 1580 1598; x_wconf 92' lang='lat' dir='ltr'>et</span> <span class='ocrx_word' id='word_1_346' title='bbox 1602 1572 1651 1599; x_wconf 61' lang='lat' dir='ltr'>abr</span> <span class='ocrx_word' id='word_1_347' title='bbox 1676 1572 1812 1607; x_wconf 80' lang='lat' dir='ltr'>expulsus</span> 
     </span>
     <span class='ocr_line' id='line_1_30' title="bbox 297 1620 1809 1659; baseline -0.001 -10"><span class='ocrx_word' id='word_1_348' title='bbox 297 1630 432 1656; x_wconf 75' lang='lat' dir='ltr'>exceptus</span> <span class='ocrx_word' id='word_1_349' title='bbox 455 1623 510 1651; x_wconf 90' lang='lat' dir='ltr'>sub</span> <span class='ocrx_word' id='word_1_350' title='bbox 538 1623 696 1652; x_wconf 85' lang='lat' dir='ltr'>mercurio.</span> <span class='ocrx_word' id='word_1_351' title='bbox 749 1622 808 1659; x_wconf 88' lang='lat' dir='ltr'>Qui</span> <span class='ocrx_word' id='word_1_352' title='bbox 830 1623 876 1650; x_wconf 63' lang='lat' dir='ltr'>ai&#39;r</span> <span class='ocrx_word' id='word_1_353' title='bbox 904 1630 967 1649; x_wconf 87' lang='lat' dir='ltr'>cum</span> <span class='ocrx_word' id='word_1_354' title='bbox 991 1621 1084 1657; x_wconf 77' lang='lat' dir='ltr'>ignem</span> <span class='ocrx_word' id='word_1_355' title='bbox 1113 1621 1290 1659; x_wconf 78' lang='lat' dir='ltr'>extingueret</span> <span class='ocrx_word' id='word_1_356' title='bbox 1304 1641 1327 1659; x_wconf 24' lang='lat'>⁹⁷</span> <span class='ocrx_word' id='word_1_357' title='bbox 1348 1621 1477 1656; x_wconf 82' lang='lat' dir='ltr'>liquores</span> <span class='ocrx_word' id='word_1_358' title='bbox 1503 1621 1656 1650; x_wconf 85' lang='lat' dir='ltr'>coeruleos</span> <span class='ocrx_word' id='word_1_359' title='bbox 1683 1620 1809 1656; x_wconf 86' lang='lat' dir='ltr'>rubros,</span> 
     </span>
     <span class='ocr_line' id='line_1_31' title="bbox 297 1664 1813 1711; baseline -0.001 -10"><span class='ocrx_word' id='word_1_360' title='bbox 297 1681 398 1707; x_wconf 65' lang='lat' dir='ltr'>squam</span> <span class='ocrx_word' id='word_1_361' title='bbox 418 1673 503 1700; x_wconf 83' lang='lat' dir='ltr'>calcis</span> <span class='ocrx_word' id='word_1_362' title='bbox 522 1674 612 1702; x_wconf 82' lang='lat' dir='ltr'>albam</span> <span class='ocrx_word' id='word_1_363' title='bbox 631 1674 780 1709; x_wconf 74' lang='lat' dir='ltr'>redderet,</span> <span class='ocrx_word' id='word_1_364' title='bbox 802 1672 857 1701; x_wconf 88' lang='lat' dir='ltr'>fuit</span> <span class='ocrx_word' id='word_1_365' title='bbox 875 1672 986 1700; x_wconf 79' lang='lat' dir='ltr'>aeidum</span> <span class='ocrx_word' id='word_1_366' title='bbox 1014 1664 1211 1701; x_wconf 85' lang='lat' dir='ltr'>carbonicum.</span> <span class='ocrx_word' id='word_1_367' title='bbox 1253 1671 1368 1711; x_wconf 83' lang='lat' dir='ltr'>Liquor</span> <span class='ocrx_word' id='word_1_368' title='bbox 1394 1679 1477 1700; x_wconf 81' lang='lat' dir='ltr'>natus</span> <span class='ocrx_word' id='word_1_369' title='bbox 1494 1671 1674 1708; x_wconf 81' lang='lat' dir='ltr'>subfuscus,</span> <span class='ocrx_word' id='word_1_370' title='bbox 1695 1671 1769 1700; x_wconf 88' lang='lat' dir='ltr'>acris</span> <span class='ocrx_word' id='word_1_371' title='bbox 1784 1679 1813 1700; x_wconf 87' lang='lat' dir='ltr'>et</span> 
     </span>
     <span class='ocr_line' id='line_1_32' title="bbox 297 1722 1809 1761; baseline -0.001 -8"><span class='ocrx_word' id='word_1_372' title='bbox 297 1726 412 1758; x_wconf 60' lang='lat' dir='ltr'>salsus,</span> <span class='ocrx_word' id='word_1_373' title='bbox 435 1723 527 1759; x_wconf 86' lang='lat' dir='ltr'>qualis</span> <span class='ocrx_word' id='word_1_374' title='bbox 550 1730 592 1751; x_wconf 80' lang='lat' dir='ltr'>est</span> <span class='ocrx_word' id='word_1_375' title='bbox 618 1725 745 1753; x_wconf 78' lang='lat' dir='ltr'>muri-atis</span> <span class='ocrx_word' id='word_1_376' title='bbox 769 1725 856 1753; x_wconf 88' lang='lat' dir='ltr'>calcis</span> <span class='ocrx_word' id='word_1_377' title='bbox 876 1723 1007 1759; x_wconf 90' lang='lat' dir='ltr'>solutio,</span> <span class='ocrx_word' id='word_1_378' title='bbox 1030 1733 1094 1752; x_wconf 86' lang='lat' dir='ltr'>cum</span> <span class='ocrx_word' id='word_1_379' title='bbox 1118 1725 1240 1761; x_wconf 80' lang='lat' dir='ltr'>pulvere</span> <span class='ocrx_word' id='word_1_380' title='bbox 1264 1732 1298 1752; x_wconf 83' lang='lat' dir='ltr'>ex</span> <span class='ocrx_word' id='word_1_381' title='bbox 1321 1731 1356 1751; x_wconf 86' lang='lat' dir='ltr'>eo</span> <span class='ocrx_word' id='word_1_382' title='bbox 1380 1722 1587 1758; x_wconf 77' lang='lat' dir='ltr'>praecipitato,</span> <span class='ocrx_word' id='word_1_383' title='bbox 1615 1723 1726 1751; x_wconf 75' lang='lat' dir='ltr'>colatus</span> <span class='ocrx_word' id='word_1_384' title='bbox 1751 1729 1809 1751; x_wconf 78' lang='lat' dir='ltr'>est·</span> 
     </span>
     <span class='ocr_line' id='line_1_33' title="bbox 299 1772 1811 1811; baseline -0.001 -9"><span class='ocrx_word' id='word_1_385' title='bbox 299 1775 433 1803; x_wconf 83' lang='lat' dir='ltr'>Relictus</span> <span class='ocrx_word' id='word_1_386' title='bbox 457 1774 555 1810; x_wconf 83' lang='lat' dir='ltr'>pulvis</span> <span class='ocrx_word' id='word_1_387' title='bbox 580 1781 608 1803; x_wconf 85' lang='lat' dir='ltr'>et</span> <span class='ocrx_word' id='word_1_388' title='bbox 632 1784 704 1811; x_wconf 83' lang='lat' dir='ltr'>aqua</span> <span class='ocrx_word' id='word_1_389' title='bbox 731 1774 801 1804; x_wconf 88' lang='lat' dir='ltr'>bene</span> <span class='ocrx_word' id='word_1_390' title='bbox 826 1775 962 1810; x_wconf 81' lang='lat' dir='ltr'>ablutus,</span> <span class='ocrx_word' id='word_1_391' title='bbox 996 1774 1153 1804; x_wconf 86' lang='lat' dir='ltr'>subfuscus</span> <span class='ocrx_word' id='word_1_392' title='bbox 1182 1782 1260 1810; x_wconf 81' lang='lat' dir='ltr'>erat,</span> <span class='ocrx_word' id='word_1_393' title='bbox 1282 1773 1416 1803; x_wconf 83' lang='lat' dir='ltr'>sordidus</span> <span class='ocrx_word' id='word_1_394' title='bbox 1441 1780 1469 1802; x_wconf 91' lang='lat' dir='ltr'>et</span> <span class='ocrx_word' id='word_1_395' title='bbox 1494 1772 1676 1802; x_wconf 83' lang='lat' dir='ltr'>candefactus</span> <span class='ocrx_word' id='word_1_396' title='bbox 1693 1773 1811 1809; x_wconf 85' lang='lat' dir='ltr'>aliquod</span> 
     </span>
     <span class='ocr_line' id='line_1_34' title="bbox 298 1822 1808 1863; baseline -0.003 -9"><span class='ocrx_word' id='word_1_397' title='bbox 298 1825 435 1862; x_wconf 67' lang='lat' dir='ltr'>ponderis</span> <span class='ocrx_word' id='word_1_398' title='bbox 455 1826 653 1855; x_wconf 75' lang='lat' dir='ltr'>detrimentum</span> <span class='ocrx_word' id='word_1_399' title='bbox 666 1827 731 1857; x_wconf 80' lang='lat' dir='ltr'>tulit</span> <span class='ocrx_word' id='word_1_400' title='bbox 745 1848 755 1862; x_wconf 80' lang='lat'>‚</span> <span class='ocrx_word' id='word_1_401' title='bbox 777 1834 844 1856; x_wconf 80' lang='lat' dir='ltr'>nato</span> <span class='ocrx_word' id='word_1_402' title='bbox 864 1827 963 1862; x_wconf 89' lang='lat' dir='ltr'>aliquo</span> <span class='ocrx_word' id='word_1_403' title='bbox 976 1827 1122 1863; x_wconf 76' lang='lat' dir='ltr'>carbone3</span> <span class='ocrx_word' id='word_1_404' title='bbox 1145 1826 1234 1855; x_wconf 73' lang='lat' dir='ltr'>acidis</span> <span class='ocrx_word' id='word_1_405' title='bbox 1250 1835 1344 1861; x_wconf 86' lang='lat' dir='ltr'>neque</span> <span class='ocrx_word' id='word_1_406' title='bbox 1359 1824 1528 1861; x_wconf 83' lang='lat' dir='ltr'>sulphurico</span> <span class='ocrx_word' id='word_1_407' title='bbox 1543 1844 1553 1860; x_wconf 62' lang='lat'><em>2</em></span> <span class='ocrx_word' id='word_1_408' title='bbox 1578 1832 1672 1859; x_wconf 88' lang='lat' dir='ltr'>neque</span> <span class='ocrx_word' id='word_1_409' title='bbox 1683 1822 1808 1858; x_wconf 83' lang='lat' dir='ltr'>uitrico,</span> 
     </span>
     <span class='ocr_line' id='line_1_35' title="bbox 295 1874 1811 1915; baseline -0.003 -9"><span class='ocrx_word' id='word_1_410' title='bbox 295 1885 391 1912; x_wconf 71' lang='lat' dir='ltr'>neque</span> <span class='ocrx_word' id='word_1_411' title='bbox 409 1877 471 1905; x_wconf 82' lang='lat' dir='ltr'>aliis</span> <span class='ocrx_word' id='word_1_412' title='bbox 486 1878 678 1913; x_wconf 73' lang='lat' dir='ltr'>alliciebatur,</span> <span class='ocrx_word' id='word_1_413' title='bbox 701 1879 750 1906; x_wconf 85' lang='lat' dir='ltr'>sed</span> <span class='ocrx_word' id='word_1_414' title='bbox 771 1877 954 1907; x_wconf 82' lang='lat' dir='ltr'>candefactus</span> <span class='ocrx_word' id='word_1_415' title='bbox 972 1888 1037 1906; x_wconf 89' lang='lat' dir='ltr'>cum</span> <span class='ocrx_word' id='word_1_416' title='bbox 1057 1886 1172 1915; x_wconf 85' lang='lat' dir='ltr'>potassa</span> <span class='ocrx_word' id='word_1_417' title='bbox 1194 1877 1337 1911; x_wconf 84' lang='lat' dir='ltr'>caustica,</span> <span class='ocrx_word' id='word_1_418' title='bbox 1358 1876 1388 1904; x_wconf 86' lang='lat' dir='ltr'>in</span> <span class='ocrx_word' id='word_1_419' title='bbox 1412 1876 1464 1903; x_wconf 83' lang='lat' dir='ltr'>hac</span> <span class='ocrx_word' id='word_1_420' title='bbox 1486 1883 1639 1910; x_wconf 80' lang='lat' dir='ltr'>susceptus</span> <span class='ocrx_word' id='word_1_421' title='bbox 1662 1881 1716 1902; x_wconf 89' lang='lat' dir='ltr'>est.</span> <span class='ocrx_word' id='word_1_422' title='bbox 1757 1874 1811 1902; x_wconf 83' lang='lat' dir='ltr'>At-</span> 
     </span>
     <span class='ocr_line' id='line_1_36' title="bbox 299 1924 1812 1967; baseline -0.001 -12"><span class='ocrx_word' id='word_1_423' title='bbox 299 1936 355 1963; x_wconf 84' lang='lat' dir='ltr'>que</span> <span class='ocrx_word' id='word_1_424' title='bbox 371 1936 442 1956; x_wconf 28' lang='lat' dir='ltr'>*tunc</span> <span class='ocrx_word' id='word_1_425' title='bbox 463 1928 492 1956; x_wconf 86' lang='lat' dir='ltr'>in</span> <span class='ocrx_word' id='word_1_426' title='bbox 513 1938 584 1964; x_wconf 81' lang='lat' dir='ltr'>aqua</span> <span class='ocrx_word' id='word_1_427' title='bbox 603 1930 789 1965; x_wconf 79' lang='lat' dir='ltr'>solvebatur,</span> <span class='ocrx_word' id='word_1_428' title='bbox 813 1929 879 1965; x_wconf 74' lang='lat' dir='ltr'>cui,</span> <span class='ocrx_word' id='word_1_429' title='bbox 903 1939 1078 1966; x_wconf 75' lang='lat' dir='ltr'>quocunque</span> <span class='ocrx_word' id='word_1_430' title='bbox 1101 1930 1182 1958; x_wconf 80' lang='lat' dir='ltr'>acido</span> <span class='ocrx_word' id='word_1_431' title='bbox 1207 1929 1330 1967; x_wconf 69' lang='lat' dir='ltr'>uitrico,</span> <span class='ocrx_word' id='word_1_432' title='bbox 1352 1926 1524 1961; x_wconf 78' lang='lat' dir='ltr'>muriatico,</span> <span class='ocrx_word' id='word_1_433' title='bbox 1553 1925 1723 1962; x_wconf 84' lang='lat' dir='ltr'>sulphurico</span> <span class='ocrx_word' id='word_1_434' title='bbox 1741 1924 1812 1953; x_wconf 83' lang='lat' dir='ltr'>affu-</span> 
     </span>
     <span class='ocr_line' id='line_1_37' title="bbox 299 1975 1814 2019; baseline -0.003 -12"><span class='ocrx_word' id='word_1_435' title='bbox 299 1988 355 2011; x_wconf 64' lang='lat' dir='ltr'>so„</span> <span class='ocrx_word' id='word_1_436' title='bbox 378 1980 476 2014; x_wconf 85' lang='lat' dir='ltr'>pulvis</span> <span class='ocrx_word' id='word_1_437' title='bbox 502 1979 585 2007; x_wconf 81' lang='lat' dir='ltr'>albus</span> <span class='ocrx_word' id='word_1_438' title='bbox 610 1989 745 2016; x_wconf 82' lang='lat' dir='ltr'>praeceps</span> <span class='ocrx_word' id='word_1_439' title='bbox 772 1981 855 2009; x_wconf 87' lang='lat' dir='ltr'>datus</span> <span class='ocrx_word' id='word_1_440' title='bbox 880 1987 934 2010; x_wconf 81' lang='lat' dir='ltr'>cst.</span> <span class='ocrx_word' id='word_1_441' title='bbox 977 1982 1045 2019; x_wconf 87' lang='lat' dir='ltr'>Quo</span> <span class='ocrx_word' id='word_1_442' title='bbox 1063 1981 1148 2018; x_wconf 85' lang='lat' dir='ltr'>igitur</span> <span class='ocrx_word' id='word_1_443' title='bbox 1174 1981 1299 2009; x_wconf 85' lang='lat' dir='ltr'>examine</span> <span class='ocrx_word' id='word_1_444' title='bbox 1324 1977 1454 2008; x_wconf 73' lang='lat' dir='ltr'>constitit</span> <span class='ocrx_word' id='word_1_445' title='bbox 1476 1977 1554 2006; x_wconf 89' lang='lat' dir='ltr'>illum</span> <span class='ocrx_word' id='word_1_446' title='bbox 1579 1978 1726 2013; x_wconf 88' lang='lat' dir='ltr'>pulverem</span> <span class='ocrx_word' id='word_1_447' title='bbox 1752 1975 1814 2004; x_wconf 88' lang='lat' dir='ltr'>sili-</span> 
     </span>
     <span class='ocr_line' id='line_1_38' title="bbox 300 2027 1813 2067; baseline -0.001 -11"><span class='ocrx_word' id='word_1_448' title='bbox 300 2038 380 2057; x_wconf 60' lang='lat' dir='ltr'>ceum</span> <span class='ocrx_word' id='word_1_449' title='bbox 401 2038 475 2057; x_wconf 68' lang='lat' dir='ltr'>esse„</span> <span class='ocrx_word' id='word_1_450' title='bbox 515 2030 643 2065; x_wconf 82' lang='lat' dir='ltr'>Liquori</span> <span class='ocrx_word' id='word_1_451' title='bbox 659 2039 750 2059; x_wconf 83' lang='lat' dir='ltr'>autem</span> <span class='ocrx_word' id='word_1_452' title='bbox 771 2032 902 2061; x_wconf 83' lang='lat' dir='ltr'>adfusum</span> <span class='ocrx_word' id='word_1_453' title='bbox 919 2040 963 2062; x_wconf 90' lang='lat' dir='ltr'>est</span> <span class='ocrx_word' id='word_1_454' title='bbox 986 2040 1096 2061; x_wconf 87' lang='lat' dir='ltr'>tantum</span> <span class='ocrx_word' id='word_1_455' title='bbox 1122 2032 1298 2067; x_wconf 81' lang='lat' dir='ltr'>ammoniae,</span> <span class='ocrx_word' id='word_1_456' title='bbox 1321 2038 1351 2059; x_wconf 92' lang='lat' dir='ltr'>ut</span> <span class='ocrx_word' id='word_1_457' title='bbox 1372 2029 1508 2059; x_wconf 81' lang='lat' dir='ltr'>alcalinus</span> <span class='ocrx_word' id='word_1_458' title='bbox 1525 2028 1617 2057; x_wconf 78' lang='lat' dir='ltr'>fieret.</span> <span class='ocrx_word' id='word_1_459' title='bbox 1658 2027 1733 2056; x_wconf 85' lang='lat' dir='ltr'>Mox</span> <span class='ocrx_word' id='word_1_460' title='bbox 1752 2028 1813 2064; x_wconf 86' lang='lat' dir='ltr'>plc-</span> 
     </span>
    </p>
   </div>
   <div class='ocr_carea' id='block_1_5' title="bbox 294 2078 1811 2158">
    <p class='ocr_par' dir='ltr' id='par_1_7' title="bbox 294 2078 1811 2158">
     <span class='ocr_line' id='line_1_39' title="bbox 294 2078 1809 2120; baseline -0.002 -11"><span class='ocrx_word' id='word_1_461' title='bbox 294 2089 354 2109; x_wconf 69' lang='lat' dir='ltr'>nus</span> <span class='ocrx_word' id='word_1_462' title='bbox 366 2080 529 2109; x_wconf 57' lang='lat' dir='ltr'>floccorum</span> <span class='ocrx_word' id='word_1_463' title='bbox 557 2088 636 2117; x_wconf 84' lang='lat' dir='ltr'>erat,</span> <span class='ocrx_word' id='word_1_464' title='bbox 659 2082 766 2118; x_wconf 86' lang='lat' dir='ltr'>quibus</span> <span class='ocrx_word' id='word_1_465' title='bbox 788 2084 986 2120; x_wconf 81' lang='lat' dir='ltr'>praecipitatis</span> <span class='ocrx_word' id='word_1_466' title='bbox 1010 2083 1145 2119; x_wconf 84' lang='lat' dir='ltr'>limpidus</span> <span class='ocrx_word' id='word_1_467' title='bbox 1168 2083 1262 2112; x_wconf 88' lang='lat' dir='ltr'>factus</span> <span class='ocrx_word' id='word_1_468' title='bbox 1286 2088 1342 2111; x_wconf 84' lang='lat' dir='ltr'>est.</span> <span class='ocrx_word' id='word_1_469' title='bbox 1384 2081 1526 2110; x_wconf 83' lang='lat' dir='ltr'>Floccoso</span> <span class='ocrx_word' id='word_1_470' title='bbox 1553 2078 1664 2114; x_wconf 83' lang='lat' dir='ltr'>liquore</span> <span class='ocrx_word' id='word_1_471' title='bbox 1691 2079 1809 2114; x_wconf 83' lang='lat' dir='ltr'>colato,</span> 
     </span>
     <span class='ocr_line' id='line_1_40' title="bbox 980 2129 1811 2158; baseline 0 0"><span class='ocrx_word' id='word_1_472' title='bbox 980 2132 983 2133; x_wconf 51' lang='lat'><em>⁷</em></span> <span class='ocrx_word' id='word_1_473' title='bbox 1742 2129 1811 2158; x_wconf 81' lang='lat' dir='ltr'>floc-</span> 
     </span>
    </p>
   </div>
   <div class='ocr_carea' id='block_1_6' title="bbox 1872 605 1930 2448">
    <p class='ocr_par' dir='ltr' id='par_1_8' title="bbox 1872 605 1930 2448">
     <span class='ocr_line' id='line_1_41' title="bbox 1872 605 1930 2448; baseline 0 0"><span class='ocrx_word' id='word_1_474' title='bbox 1872 605 1930 2448; x_wconf 95' lang='lat' dir='ltr'> </span> 
     </span>
    </p>
   </div>
  </div>
 </body>
</html>
