1930 2448
376 113 702 146 COMMENTATIO
733 124 777 145 An
811 114 1121 154 QUAESTIONEM
1154 119 1379 153 PHYSICAM.
1603 134 1641 165 [3

460 341 734 378 CAPUT
816 342 1294 386 SECUNDUM.

212 450 252 472 nn
281 451 426 471 Aca-rom:
448 451 570 471 MUTUA
599 437 740 471 Duorum
770 451 834 471 VEL
857 451 1007 472 numum
1028 453 1192 476 FLUXUUM
1211 455 1490 482 ELECTRICORUM.

169 577 199 613 §-
223 586 251 605 1.
293 574 522 613 Efcperimenm,
550 574 650 614 quibus
670 575 717 604 lex
733 576 876 612 generalis
898 579 1017 606 actionis
1040 585 1160 608 mutuae
1174 579 1298 611 duorum
1319 582 1468 612 Flammm·
1488 585 1572 615 Elec-

729 628 867 655 triwrltm
889 630 1007 657 nititur.

111 674 238 734 Actio
262 711 359 732 mutua
382 704 505 733 duorum
530 706 576 733 vel
601 705 726 741 plurium
747 705 878 733 fluxuum
902 705 1112 735 Electricorum
1138 709 1273 739 consistit
1295 711 1326 740 in
1353 713 1574 744 attractionibus
1603 723 1632 745 et

111 755 346 791 repulsionibus,
369 764 439 791 quas
458 757 528 784 alter
552 755 586 784 ab
613 757 702 784 altero
728 756 848 792 patitur.
891 758 934 786 Ut
954 768 1022 787 vcro
1041 761 1087 788 lex
1110 762 1250 797 generalis
1269 763 1304 791 de
1321 764 1373 791 hac
1390 765 1502 793 actione
1522 767 1631 796 consti-

111 813 207 836 tuatur
218 828 229 842 ,
250 807 361 836 duabus
378 808 588 836 conductorum
605 807 757 843 speciebus
775 817 851 843 opus
868 815 930 845 est;
951 811 1022 838 alter
1038 811 1111 839 enim
1128 813 1245 842 mobilis⁴
1259 823 1323 842 esse
1340 816 1443 852 debet,
1460 818 1530 846 alter
1545 818 1631 848 fixus.

112 858 294 887 Conductori
316 858 418 887 mobili
435 858 555 887 maxima
572 858 717 887 mobilitas
743 858 830 895 igitur
850 866 894 888 est
909 860 1084 899 tribuenda3
1107 866 1209 893 modus
1237 867 1438 903 suspensionis
1467 877 1536 906 ergo
1565 870 1629 898 talis

110 911 296 941 conductoris
313 911 436 948 primurn
458 911 511 939 erit
529 910 765 940 considerandus-

151 963 260 994 Modus
278 962 478 999 suspensionis
490 980 502 997 ,
522 962 565 990 uti
579 962 662 991 datur
683 962 712 990 in
734 961 788 999 fig.
812 972 828 991 2
840 984 854 998 ,
873 971 1002 1000 magnam
1019 965 1070 994 filo
1085 968 1229 998 metallico
1248 970 1438 1000 mobilitatem
1453 973 1539 1002 cedit.
1581 975 1629 1004 Ad

110 1014 301 1048 extremitates
322 1014 350 1042 A
371 1020 399 1042 et
418 1014 440 1041 B
464 1013 580 1042 filorum
598 1012 807 1041 metallicorum
829 1013 886 1042 CH
908 1021 936 1042 et
956 1015 1023 1044 CH'
1042 1017 1113 1045 duae
1135 1026 1204 1048 sunt
1227 1023 1381 1058 capsulae,
1411 1024 1553 1053 mercurio
1578 1026 1632 1054 im—

107 1067 219 1102 pletae,
241 1064 288 1093 cui
310 1064 516 1101 immerguntur
540 1064 611 1093 duae
634 1063 824 1092 extremitates
848 1063 890 1092 fili
914 1065 1052 1102 mobilis,
1075 1076 1131 1104 ope
1154 1069 1276 1098 duorum
1306 1078 1484 1112 punctorum
1506 1074 1628 1103 vertica-

107 1119 197 1154 lium3
219 1119 268 1147 illa
283 1118 330 1147 fila
350 1124 500 1147 transeunt
513 1126 564 1154 per
577 1117 745 1154 particulam
764 1116 857 1153 ligni,
879 1117 996 1154 eburis,
1018 1120 1131 1148 aliusve
1144 1120 1277 1150 materiae
1292 1121 1469 1160 insulantis3
1493 1123 1626 1161 capsulae

106 1170 139 1198 Z
156 1177 185 1199 et
205 1170 230 1199 C
252 1179 318 1199 cum
340 1168 465 1204 positiva
485 1176 512 1198 et
535 1169 668 1206 negativa
688 1167 866 1197 extremitate
889 1170 965 1205 pilae
985 1171 1217 1209 communicant3
1239 1174 1333 1203 {luxus
1358 1175 1446 1212 igitur
1471 1176 1572 1215 incipit
1596 1179 1626 1207 in

106 1222 155 1259 Z,
176 1221 318 1258 percurrit
340 1221 418 1251 filum
439 1221 554 1256 ZH‘A,
581 1220 714 1258 pervenit
736 1221 766 1249 in
790 1220 871 1248 filum
898 1222 1029 1258 mobile,
1051 1232 1102 1259 per
1129 1224 1208 1260 quod
1234 1226 1336 1254 transit
1362 1235 1464 1256 versus
1485 1236 1625 1264 punctum

108 1273 154 1308 F,
175 1280 208 1302 et‘
224 1273 297 1302 redit
316 1281 416 1302 versus
435 1271 491 1302 GE
516 1272 545 1303 in
561 1273 703 1308 capsulam
719 1271 741 1300 B
753 1292 763 1309 ,
787 1281 858 1308 quae
875 1281 931 1310 ope
949 1273 992 1303 fili
1011 1273 1095 1304 ΕΗΒ
1115 1283 1180 1305 cum
1198 1277 1374 1306 extremitate
1396 1279 1527 1316 negativa
1551 1280 1626 1317 pilae

106 1325 298 1354 communicat
320 1326 335 1362 (
348 1334 360 1353 1
375 1326 401 1360 ).
546 1317 549 1320 .

144 1376 178 1404 In
191 1382 330 1412 apparatu
342 1374 417 1412 (fig.
431 1374 471 1412 3)
490 1374 570 1404 filum
587 1376 780 1412 rectangula-re
801 1377 958 1406 secundum
975 1378 1086 1407 huncce
1103 1379 1217 1407 modum
1237 1386 1280 1408 est
1299 1389 1484 1417 suspensum,
1513 1384 1534 1412 F
1538 1385 1623 1413 luxus

107 1426 283 1462 perveniens
297 1425 326 1453 in
347 1426 372 1453 Z
393 1425 538 1461 percurrit
558 1427 762 1454 conductorem
781 1428 916 1456 mobilem
934 1429 963 1457 in
981 1431 1139 1459 directione
1160 1431 1336 1460 AEFIKGB
1348 1452 1359 1468 ,
1381 1440 1409 1461 et
1424 1435 1496 1463 redit
1510 1436 1544 1464 ad
1558 1445 1625 1472 cap-

106 1479 196 1505 sulam
217 1477 242 1506 C
264 1486 315 1513 per
336 1477 416 1505 filum
437 1477 534 1506 CHB.
577 1477 817 1506 obtin-amentum
838 1479 995 1509 subureum
1016 1481 1042 1510 D
1063 1481 1171 1510 claudit
1188 1482 1316 1512 foramen
1336 1484 1368 1513 in
1392 1485 1487 1514 tabula
1506 1487 1532 1515 X
1553 1495 1624 1516 con--

93 1527 233 1564 jectum,
256 1537 326 1564 quae
348 1530 446 1558 tabula
461 1537 505 1558 est
526 1530 625 1567 juncta
644 1531 815 1566 jugumcnto
837 1530 985 1568 URR'T,
1009 1533 1284 1569 perpendiculariter
1300 1535 1361 1563 basi
1383 1535 1442 1565 UT
1463 1537 1622 1567 insistenti.

106 1579 276 1608 Conductor
294 1579 410 1608 mobilis
428 1580 515 1616 igitur
532 1589 619 1617 supra
638 1588 747 1617 puncta
764 1581 792 1609 A
813 1587 842 1609 et
861 1581 884 1610 B
907 1581 966 1610 fere
987 1583 1246 1614 circumferentiam
1272 1585 1373 1615 circuli
1395 1587 1556 1617 describere
1572 1599 1626 1626 po-

92 1636 163 1667 .test
184 1632 267 1667 (2).

92 1702 95 1705 -
143 1680 175 1710 Si
196 1690 273 1711 nune
297 1683 391 1712 fluxus
412 1692 463 1720 per
484 1684 564 1714 filum
585 1683 693 1721 PMZ,
723 1693 788 1715 cum
812 1685 990 1716 extremitate
1009 1687 1136 1724 positiva·
1153 1688 1228 1725 pilae
1240 1690 1396 1726 junctum,
1419 1691 1456 1719 ad
1478 1692 1622 1728 capsulam

88 1731 130 1763 ,Z
151 1734 317 1771 perveniat,
339 1736 544 1768 conductorem
563 1736 699 1766 mobilem
719 1738 748 1767 in
770 1747 857 1768 sensu
875 1748 963 1776 supra
981 1739 1047 1767 dato
1063 1747 1233 1776 percurret,
1256 1748 1287 1769 et
1304 1742 1338 1769 ad
1354 1742 1558 1771 exzremitatem
1575 1752 1624 1772 ne-

90 1782 225 1820 *garivam
251 1785 324 1821 pilae
343 1794 399 1822 per
425 1787 509 1816 filum*
525 1788 680 1827 N'VQLC
710 1789 823 1818 redibit.
865 1790 898 1819 In
923 1790 1065 1826 portione
1091 1789 1127 1818 Fi
1153 1791 1343 1821 conductoris
1378 1793 1494 1822 mobilis
1527 1795 1621 1823 fluxus

103 1842 132 1862 es
154 1834 359 1872 descendens,
382 1844 409 1866 et
429 1838 459 1867 in
476 1839 597 1875 porione
617 1840 673 1877 VQ
699 1839 888 1869 conductoris
910 1840 960 1869 fixi
979 1841 1095 1869 eandem
1115 1841 1200 1870 habet
1218 1842 1425 1872 directionem:
1448 1845 1478 1873 in
1497 1845 1548 1874 hac
1571 1855 1623 1874 au-

102 1890 158 1912 tem
175 1885 319 1919 positione
336 1888 499 1923 portionem
520 1890 557 1918 FI
572 1899 587 1918 a
605 1891 782 1920 conductore
802 1892 860 1930 VQ
878 1891 980 1921 attrahi
999 1892 1182 1920 observatum
1202 1892 1258 1922 fuit
1276 1894 1290 1928 (
1303 1896 1355 1930 3).

87 1948 103 1960 -.
141 1932 172 1961 Si
195 1936 330 1969 quaedam
354 1937 384 1966 in
411 1939 602 1976 dispositione
624 1949 775 1978 apparatus
801 1951 965 1979 mutemus,
989 1941 1111 1971 effectus
1142 1952 1261 1979 quoque
1286 1945 1407 1975 mutatio
1435 1947 1616 1977 observatur.

1589 1998 1619 2027 Si

135 2051 152 2084 (
164 2052 199 2085 ι)
227 2053 273 2079 Cf.
302 2054 398 2088 Expose
415 2063 461 2083 etc.
489 2058 514 2090 S.
533 2065 558 2089 3.
916 2057 954 2093 (2
967 2059 983 2092 )
1010 2059 1056 2086 ef.
1082 2059 1180 2094 Expose
1197 2067 1245 2090 etc.
1264 2065 1282 2089 l.
1299 2064 1319 2091 l.

134 2099 198 2133 (3)
225 2100 271 2128 Cf.
299 2101 397 2135 Expose‘
415 2108 462 2129 etc.
487 2104 512 2137 S.
527 2112 553 2137 4.
970 2138 992 2167 B
1016 2147 1031 2174 3
