1930 2448
0 2146 3 2294 ἱ

0 2295 6 2448 Ι

364 153 589 185 RESPONSIO
611 162 653 184 AD
676 149 992 190 QUAESTIONEMV
1012 150 1341 182 THEOLOG'IC'AM.
1571 160 1616 194 3¹2

107 245 110 248 '
127 239 245 275 1112„
265 240 453 274 Praeceptum
477 237 513 266 de
528 237 685 274 Analogiae
704 245 761 265 usu
783 244 882 266 revera
899 241 1007 271 pugnat
1033 244 1098 265 eum
1117 237 1180 273 lege
1198 234 1232 264 ab
1253 235 1412 272 interprete
1428 235 1610 265 sanctissime

93 291 288 326 observanda,
312 298 366 326 qua
389 288 512 327 jubetur·
528 297 573 317 res
599 296 774 325 cognoscere
795 296 811 316 e
839 286 978 317 verbis-7³²

118 344 224 381 sSane,
244 342 271 371 si
292 341 357 377 quis
382 350 398 369 a
421 340 518 371 verbis
543 346 633 376 atque
648 345 752 369 ‘mente
780 339 943 369 divinorum
971 339 1146 376 scriptorum
1177 339 1266 368 aliena
1292 338 1440 368 doctrinae
1467 339 1612 369 divinitus<

90 394 248 434 patefactae
271 393 431 435 admiscet,
455 400 587 427 suasque>
611 391 766 428 opiniones
794 391 829 420 de
858 390 980 427 alicujus
1005 390 1155 426 scriptoris
1176 391 1327 425 doctrina,
1348 392 1480 427 neglecto
1503 391 1610 425 verbo-¹

89 452 152 476 mm
172 455 231 475 usu‘
252 453 339 481 atque
360 443 505 473 orationis>
526 447 683 478 contexui,
705 442 827 478 aliisque
849 440 1023 477 postpositis
1045 441 1255 470 Grammaticae
1271 441 1517 478 interpretationis
1538 441 1609 477 sub-¹

89 497 143 527 diis
159 519 169 534 ‚
199 496 303 527 Codi‘ci
328 496 414 525 Sacro
441 495 547 531 infert,
569 502 748 530 nequaquam
772 493 800 522 is
827 493 884 522 dici
909 492 1018 529 poterit
1049 492 1084 520 ad
1112 493 1272 529 principem
1297 493 1374 522 iiiam
1403 493 1609 529 interpretandi

87 551 213 587 reguiam
246 557 303 584 se,
335 554 368 576 ut
396 552 539 583 oportet,
568 554 757 583 componere.
805 545 848 574 At
878 544 948 580 quid
977 552 1091 579 quaeso
1124 543 1179 573 hoc
1213 544 1282 573 facit
1318 544 1358 573 adv·
1388 544 1606 581 quaestionem,

91 609 175 637 quam
208 599 255 628 hic
281 593 461 628 tractamus?
502 597 659 636 Quidquid·
683 603 727 626 est
748 595 914 625 istiusmodi
938 594 1185 631 ratiuncularum,
1206 595 1240 624 ad
1262 604 1313 624 eos
1338 601 1447 624 tantum
1472 594 1611 631 perstrin-

89 651 199 687 gendos
231 648 372 686 pertinet,
406 647 455 684 qui
478 655 634 686 praecepto
664 649 698 677 de
727 647 886 677 adhibenda
923 646 1076 684 analogia,
1111 654 1176 675 eum
1207 653 1355 675 contemtu
1384 655 1506 681 eorum,
1536 654 1612 682 quo·

87 710 150 731 rum
177 701 207 730 in
226 700 440 736 interpretando
466 700 574 736 primae
601 707 670 729 sunt
694 707 808 737 partes,
838 699 951 729 incaute
983 700 1152 728 abutuntur.
1192 698 1258 727 Nos
1281 707 1350 727 vero
1380 699 1456 726 hunc
1486 697 1615 730 abusum÷

86 753 273 782 vehementer
298 751 514 788 improbamus,
537 759 564 780 et
583 751 700 781 omnino
726 752 756 781 in
776 760 808 780 ea
827 759 973 781 versamur
1000 750 1160 785 sententia,
1183 748 1260 778 infra
1276 749 1441 779 distinctius
1467 749 1611 785 profiten-

85 804 120 833 da
148 803 268 833 C.111.
298 805 331 840 §.⁴
347 812 374 840 3.
416 804 446 833 in
482 803 718 840 interpretatione
753 803 880 833 omnium
912 803 1035 840 primum
1073 801 1225 831 verborum
1269 801 1409 831 rationem
1447 800 1607 829 habendam

86 864 163 885 esses
210 855 316 891 Neque
346 855 416 883 adeo
451 855 485 884 ad
519 864 573 884 nos
603 855 749 892 pertinent
776 855 905 891 monita,
946 856 981 883 de
1014 854 1172 883 sententiae
1197 861 1313 884 nostrae
1342 862 1443 890 pugna:
1468 861 1534 882 cum
1568 853 1613 881 lea.

87 917 123 946 ge
167 907 260 936 omnis
306 906 336 936 in
383 906 618 942 interpretatione
658 906 789 937 veritatis
829 906 990 943 magistra3
1029 906 1087 936 nisi
1127 904 1204 934 forte
1246 912 1414 940 statuatur,
1452 905 1526 933 hanc
1566 905 1609 932 le-

87 968 151 997 gem
179 965 239 988 tum
264 959 376 987 demum
399 957 563 987 inviolatam
587 957 722 994 servari,
755 966 843 994 quum
870 958 1026 987 verborum
1055 957 1256 993 interpretatio
1283 957 1317 986 ab
1345 956 1417 994 ipsis
1451 956 1538 984 rebus
1570 954 1610 984 ita

87 1010 269 1048 seiungunt,
298 1016 332 1038 ut
356 1009 519 1046 interpres,
541 1010 620 1039 nulla
644 1018 738 1038 rerum
763 1009 867 1039 notitia
902 1009 1054 1044 imbutus,
1083 1008 1171 1037 verba
1195 1014 1304 1037 tantum
1334 1014 1362 1035 et
1384 1006 1524 1042 loquendi
1548 1014 1612 1034 mo-

85 1062 139 1091 d‘os
163 1068 264 1091 curet:
288 1062 367 1097 quod
389 1070 473 1097 quam
500 1062 539 1091 sit
561 1062 737 1097 absurdum,
758 1063 805 1090 vel
829 1061 921 1097 prima
944 1059 1042 1088 fronte
1069 1064 1197 1095 apparet.
1239 1058 1416 1087 Sumentium
1439 1064 1483 1086 est
1510 1055 1610 1091 enim,

85 1113 214 1142 adhiberi
237 1122 251 1141 a
274 1112 437 1141 dicentibus
462 1113 715 1149 scribentibusque
744 1114 856 1148 verba,
878 1121 950 1149 quae
979 1111 1037 1140 sint
1061 1119 1157 1140 rerum
1185 1111 1364 1147 cognitarum
1392 1109 1473 1146 signa
1496 1108 1530 1138 ab
1558 1117 1609 1136 au-

86 1164 232 1194 dientibus
251 1172 284 1192 ac
299 1163 462 1200 legentibus
482 1164 558 1192 haud
575 1164 726 1193 difficulter
741 1163 935 1200 intelligenda.
985 1162 1060 1201 Quis
1081 1171 1173 1198 vero,
1194 1163 1250 1191 nisi
1272 1171 1318 1191 res
1339 1161 1438 1191 verbis
1457 1168 1609 1198 expressas

84 1213 277 1253 cognoverit,
298 1220 422 1242 mentem
447 1222 544 1242 eorum
566 1214 725 1251 intelligere
743 1214 859 1251 possit,
883 1214 931 1250 qui
957 1223 1036 1243 suam
1058 1214 1092 1242 de
1117 1213 1201 1242 rebus
1232 1214 1290 1242 illis
1315 1212 1486 1242 sententiam
1511 1219 1609 1239 rerum

85 1266 229 1297 indicibus
264 1264 476 1294 enunciarunt?
516 1265 631 1301 Porro,
654 1266 790 1301 quoniam
814 1265 845 1295 in
868 1265 1022 1295 verborum
1048 1265 1254 1302 perspicuitate
1274 1274 1334 1295 non
1351 1274 1415 1294 raro
1433 1264 1486 1300 fit,
1510 1270 1542 1291 ut
1562 1270 1613 1291 ress

84 1318 142 1348 sint
169 1317 331 1351 obscurae,
352 1322 439 1351 atque
462 1315 599 1352 imagines
628 1325 714 1353 saepe
736 1323 875 1353 petuntur
899 1317 934 1345 ab
960 1317 1102 1346 institutis
1140 1317 1322 1352 ritibusque,
1354 1324 1479 1352 quorum
1503 1313 1608 1343 notitia

83 1377 162 1406 opus
192 1374 235 1396 est
264 1368 298 1396 ad
325 1375 380 1402 ea,
409 1375 481 1401 quae
507 1366 560 1394 sub
583 1367 628 1395 his
659 1367 818 1396 involucris
840 1368 989 1397 recondita
1012 1375 1099 1404 sunt,
1121 1368 1324 1404 percipienda,
1346 1375 1430 1396 nemo
1451 1365 1535 1394 faciie
1552 1365 1607 1395 du,-

83 1419 237 1454 bitaverit,
261 1417 349 1454 quin,
374 1426 432 1453 quo
455 1416 557 1446 melius
581 1426 626 1446 res
653 1427 798 1455 exponere
822 1418 887 1454 quis
917 1419 1036 1455 possit,
1063 1428 1096 1447 eo
1123 1418 1247 1455 propius
1277 1419 1312 1447 ad
1334 1417 1603 1455 interpretationem

84 1470 221 1501 omnibus
255 1468 382 1498 numeriS
409 1468 573 1506 ‘perfectam
609 1470 735 1500 accedat.
785 1471 895 1499 Rerum
924 1480 992 1508 ergo
1023 1472 1140 1501 scientia
1167 1472 1381 1508 verborumque
1416 1469 1613 1506 intelligentia-

82 1518 140 1554 tam
161 1530 240 1553 arcto
270 1532 347 1552 nexu
371 1522 451 1559 quasi
477 1524 626 1559 copulatae
650 1531 735 1561 sunt,
756 1532 789 1554 ut
814 1526 900 1554 altera
929 1523 1046 1552 alterius
1079 1530 1180 1559 poscat
1212 1532 1297 1560 opem
1324 1531 1389 1557 res,
1420 1529 1448 1550 et
1471 1521 1613 1558 conjuret

84 1570 193 1605 a'mice:
217 1584 272 1611 qua
299 1575 334 1603 de
357 1583 386 1602 re
415 1574 439 1603 si
467 1574 532 1610 quis
555 1575 746 1612 dubitaverit,
771 1586 836 1605 eum
865 1584 1022 1613 rogamus,
1052 1581 1085 1603 ut
1115 1575 1223 1612 cogitet
1248 1575 1283 1604 de
1311 1573 1458 1603 erroribus
1490 1572 1608 1600 illorum

83 1627 295 1663 interpretum,
321 1626 393 1662 qui,
415 1626 445 1655 in
470 1626 595 1662 antiquis
623 1627 816 1664 scriptoribus
839 1628 992 1657 admodum
1014 1626 1140 1662 versati,
1162 1625 1327 1662 saepissime
1349 1625 1420 1653 mira
1438 1618 1524 1653 ex'iis
1541 1631 1611 1659 pro·

83 1679 234 1713 tulerunt,
257 1678 324 1713 quia
350 1679 531 1707 solummodo
556 1678 716 1716 iinguarum
743 1680 849 1716 periti,
871 1688 937 1714 res,
960 1679 995 1707 de
1019 1679 1124 1714 quibus
1152 1679 1307 1715 agebatur,
1330 1678 1424 1706 minus
1451 1675 1610 1705 callebant·

123 1729 180 1759 IV.
225 1749 245 1765 „
264 1729 432 1765 Analogiam
458 1730 606 1759 doctrinae
639 1731 664 1759 si
687 1731 877 1767 adhibemus,
898 1730 932 1758 iis
968 1730 1039 1758 fides
1065 1729 1222 1763 tribuitur,
1253 1737 1324 1764 quae
1350 1730 1458 1758 nullam
1486 1728 1608 1757 omnino

88 1800 107 1818 „
126 1780 250 1810 babeant
275 1781 510 1810 auctoritatem.‘’

124 1834 205 1862 Inter
230 1840 301 1867 eos,
325 1832 373 1867 qui
394 1832 449 1860 hoc
470 1831 621 1861 defendere
648 1832 744 1862 conati
769 1839 855 1870 sunt,
877 1832 1016 1868 fuerunt,
1042 1832 1090 1868 qui
1111 1832 1338 1866 contenderent,
1362 1838 1412 1866 per
1428 1838 1511 1859 usum
1530 1830 1607 1859 Ana,

83 1878 175 1921 fogiae
200 1884 294 1912 omnia
329 1884 362 1912 ad
391 1892 546 1918 paucorum
570 1884 768 1913 auctoritatem
795 1884 904 1920 redire,
929 1893 1002 1920 quos
1030 1892 1094 1912 cum
1118 1885 1173 1921 jam
1195 1883 1383 1912 refutavimus
1415 1882 1454 1911 C.
1474 1882 1500 1911 Ι.
1529 1882 1559 1917 §·
1576 1889 1615 1910 zv»

87 1929 166 1965 hunc
192 1934 306 1963 silentio
328 1935 592 1971 praetermittimus.
634 1935 695 1964 Alii
717 1944 788 1966 vero
817 1936 857 1965 ita
885 1936 945 1964 fere
971 1934 1139 1964 sententiam
1164 1943 1242 1963 suam
1271 1934 1393 1969 probare
1413 1932 1605 1961 studuerunt}

89 2006 108 2023 ,‚
127 1986 228 2015 Potest
256 1986 363 2021 aliquia}
393 1986 551 2022 dogmatice
585 1995 684 2015 verum
721 1995 805 2022 esse,
835 1994 921 2023 atque
947 1988 1016 2015 adeo
1047 1986 1204 2022 Analogiae
1236 1984 1382 2013 doctrinae
1404 1984 1439 2012 ad
1470 1983 1606 2011 amussim

91 2058 110 2074 „
130 2037 304 2071 convenire,
330 2038 405 2071 qood
434 2046 517 2067 sanae
546 2044 638 2067 tamen
675 2038 914 2067 Hermeneutiees
949 2039 1062 2075 regulae
1092 2037 1121 2066 in
1153 2026 1211 2065 -hoe
1240 2037 1287 2065 vel
1316 2036 1367 2064 illo
1401 2037 1468 2064 loco
1503 2033 1615 2061 falsum

89 2109 110 2126 „
130 2097 194 2117 esse
220 2088 389 2122 ostendant3
421 2089 455 2116 ab
490 2098 544 2125 co,
581 2090 659 2125 quod
683 2090 856 2127 Dogmatice
888 2098 987 2120 verum
1024 2096 1088 2125 est,
1110 2087 1244 2118 concludi
1272 2087 1373 2123 nequit
1399 2086 1434 2116 ad
1457 2084 1608 2115 veritatem

88 2158 107 2178 2,
128 2139 411 2169 Hermeneutic21111,”

1500 2185 1580 2224 Quid
1590 2184 1607 2216 '5'
