1961 2438
162 769 321 836 Quoties
355 790 417 840 ego
446 795 526 828 facta
558 802 589 828 et
625 794 788 827 fortunam
824 792 1028 837 singulorum
1063 793 1234 826 hominum
1265 793 1636 838 familiarumquecon.

159 852 318 896 templor,
350 859 382 884 et
411 853 452 885 ab
477 853 528 885 his
549 853 695 884 animum
726 850 766 882 ad
794 849 938 882 diversos
966 850 1104 893 populos
1131 850 1283 891 adverto,
1307 862 1343 883 ac
1371 858 1475 883 totum
1495 853 1636 898 denique

158 917 263 952 genus
289 908 471 942 humanum
500 916 607 942 mente
628 914 661 941 et
684 907 878 950 cogitatione
904 907 1118 950 complector,
1139 910 1234 940 toties
1259 919 1310 940 me
1332 907 1442 940 divina
1462 911 1635 952 providen-

160 965 204 996 tia
232 964 311 996 adeo
331 967 367 997 in
386 966 437 997 sui
470 965 718 997 admirationem
749 963 857 1006 rapit,
887 969 924 994 ut
953 973 1022 994 eam
1056 966 1108 1006 pie
1138 975 1271 996 venerer
1307 970 1340 995 et
1367 965 1460 996 tacite
1492 966 1635 1003 adorem.

205 1020 390 1054 Laudamus
417 1032 527 1054 curam
561 1020 834 1065 prudentiamque
865 1018 946 1051 honi
973 1020 1090 1064 patris,
1121 1021 1179 1064 qui
1210 1020 1411 1064 frequentem
1439 1020 1574 1055 domum
1603 1030 1636 1057 et

159 1077 246 1109 varia
274 1076 450 1111 liberorum
483 1078 615 1122 ingenia
645 1083 718 1121 apte
750 1077 852 1121 regit,
886 1081 1158 1121 temperatamque
1185 1077 1272 1111 dulci
1304 1088 1413 1110 amore
1443 1079 1632 1122 gravitatem

158 1133 301 1169 adhibet.

242 1192 358 1224 Merito
381 1193 561 1227 laudamus.

198 1249 397 1291 suspicimus
419 1251 574 1294 principis
599 1251 633 1282 iu
655 1251 784 1283 civitate
809 1249 871 1282 viri
895 1248 1081 1293 sapientiam
1095 1272 1106 1288 ‚
1129 1249 1204 1292 qui,
1227 1250 1262 1281 in
1284 1255 1370 1282 tanta
1388 1250 1570 1282 studiorum
1594 1261 1632 1284 ae

154 1303 361 1337 ,voluntatum
383 1306 584 1346 diversitate,
608 1308 653 1339 rei
680 1307 816 1350 alicujus
837 1306 985 1350 publicae
1008 1305 1215 1338 concordiam
1239 1312 1270 1338 et
1293 1307 1428 1339 salutem
1454 1313 1573 1341 tuetur.

242 1363 378 1394 Summo
397 1363 471 1405 jure
496 1364 700 1407 suspicimus.

199 1415 261 1448 Sed
285 1417 417 1450 ubinam
445 1420 591 1462 gentium
618 1430 654 1450 ae
680 1425 837 1450 terrarum
870 1418 932 1451 fuit
958 1418 1012 1451 ille
1042 1419 1185 1451 mortalis
1203 1443 1212 1458 ‚
1246 1421 1304 1464 qui
1337 1419 1466 1452 duobus
1488 1419 1630 1454 tribusve.

155 1473 285 1516 populis
310 1475 446 1520 imperio
476 1475 653 1515 diuturno,
681 1482 752 1508 tuto
779 1482 811 1507 et
836 1474 923 1507 fideli
945 1476 1066 1508 utiliter
1089 1479 1233 1519 praeesse
1258 1478 1421 1520 potuerit?

199 1531 325 1573 Cyrum
350 1531 404 1564 hio
429 1532 510 1564 mihi
536 1532 652 1577 aliquis
677 1532 839 1577 appellat?
883 1532 1007 1571 Audio,
1041 1540 1072 1564 et
1095 1532 1158 1576 legi
1185 1544 1202 1564 a
1231 1534 1447 1577 Xenophonte
1473 1534 1629 1574 relatum,

155 1587 242 1630 Cyro
261 1589 425 1631 paruisse,
447 1596 478 1621 et
504 1589 697 1633 aequissimo
724 1590 834 1620 animo
859 1592 1025 1633 paruisse,
1050 1597 1181 1632 gentes,
1205 1600 1344 1633 quarum
1372 1590 1450 1623 aliae
1480 1592 1538 1623 iter
1563 1591 1629 1623 die-

153 1651 247 1682 rum,
271 1645 432 1676 mensium
469 1645 548 1677 aliae
568 1670 579 1685 ‚
618 1646 658 1678 ab
693 1647 763 1690 ipso
787 1644 948 1688 aberant,
984 1647 1064 1679 aliae
1107 1656 1214 1690 regem
1246 1657 1426 1691 numquam
1464 1647 1629 1689 viderant,

154 1699 234 1733 aliae
259 1711 292 1732 se
322 1712 429 1745 regem
453 1714 623 1746 nunquam
648 1714 715 1735 esse
740 1703 864 1735 visuras
891 1702 1043 1735 sciebant.

201 1756 263 1788 Sed
287 1761 393 1791 omnis
414 1758 478 1791 fere
503 1760 562 1791 ista
585 1758 810 1804 sapientissimi
840 1759 924 1803 regis
949 1760 1055 1803 imago
1084 1771 1102 1792 a
1128 1759 1345 1804 Xenophonte
1371 1770 1439 1793 non
1469 1759 1510 1792 ad
1531 1759 1629 1793 fidem

157 1812 307 1847 historiae
326 1815 521 1862 composita}
548 1824 654 1861 optata
681 1823 728 1849 est
753 1815 859 1848 adhuc
874 1840 883 1855 ‚
908 1828 976 1848 non
1002 1824 1181 1861 conspecta.

194 1873 339 1914 Cogitate
359 1875 470 1913 etiam,
492 1877 518 1906 si
535 1873 657 1914 velitis,
679 1885 720 1905 ne
743 1875 845 1917 Cyros
871 1883 997 1917 semper
1022 1880 1053 1905 et
1074 1874 1272 1906 Alexandros
1290 1881 1321 1906 et
1342 1876 1490 1906 Caesares
1511 1873 1624 1917 loqua-

153 1940 249 1967 mur,
274 1928 430 1961 Cal-olum
449 1930 643 1973 cognomine
671 1940 843 1973 magnum,
866 1930 1017 1961 Carolum
1049 1931 1224 1974 quintum,
1249 1931 1451 1975 Philippum,
1471 1933 1624 1973 cogitate,

152 1985 240 2028 quod
265 1985 361 2028 hujus
381 1993 427 2018 est
456 1989 647 2028 memoriae,
671 1998 832 2030 nuperum
855 1988 953 2018 totius
976 1998 1058 2030 pene
1089 1989 1235 2030 Europae
1263 1987 1444 2019 dominum.

194 2044 277 2075 Huic
303 2053 406 2087 quum
435 2043 530 2076 aulici
552 2051 583 2078 et
612 2045 812 2078 exercituum
837 2042 934 2076 duces
966 2044 1104 2086 graviter
1132 2044 1230 2077 simul
1256 2052 1287 2077 et
1315 2044 1475 2089 eleganter
1502 2042 1624 2076 adulari

936 2102 964 2133 A
990 2100 1009 2132 3
1561 2098 1626 2132 vel-
