1930 2448
398 123 631 155 RESPONSIO‘
644 127 713 155 nm·
731 120 1043 159 QUAESTIONEM
1063 120 1400 154 ‘THEOLOMCAM
1625 120 1671 167 ’ἐς

159 209 284 244 accedit,
309 209 394 236 modo
422 208 457 235 ad
490 206 664 236 Hebraicum
692 204 781 242 magis
804 204 983 242 compositus
1011 206 1130 234 eundem
1154 205 1271 235 deserit.
1321 206 1387 244 Qua
1412 214 1442 234 re
1465 215 1669 245 nequaquam,

161 260 240 296 quod
264 260 310 287 hic
332 259 426 287 obiter
447 258 554 287 dictum
579 258 636 294 sit,
657 253 797 286 librorum
825 257 990 286 divinorum
1014 256 1192 285 imminuitur
1216 257 1390 293 auctoritas,
1416 258 1525 294 quippe
1553 260 1603 294 qui
1624 263 1671 289 vel

158 311 201 340 sic
216 310 330 340 indicus
345 310 549 339 sententiarum
572 310 717 346 gravitatis
736 317 763 338 et
780 308 938 338 divinitatis
959 308 1073 337 minime
1095 309 1152 337 sint
1174 308 1314 338 destituti.
1358 308 1531 346 Intelligitur
1549 319 1618 339 vero
1638 320 1671 339 ex

156 361 261 396 dictis,
285 358 459 397 ubicumque
482 361 511 390 in
539 358 714 397 singular-um
737 367 842 389 vocum
857 354 900 389 'ac
924 359 1061 395 loquendi
1084 359 1277 388 formularum
1300 360 1332 388 in
1354 360 1439 388 certis
1470 360 1511 390 N.
1532 361 1568 390 F.
1599 362 1670 390 locis

157 413 394 450 significationem
419 413 603 448 inquitatur,
638 413 756 448 primam
778 411 1092 447 esse'quaestione—m,
1112 419 1149 439 ex
1179 419 1302 446 quonam
1328 412 1466 447 loq-uendi
1489 421 1543 441 usu
1569 421 1673 441 nnum-

160 466 296 501 quodque
329 465 523 499 vocabulum,
551 464 582 492 in
609 465 676 492 loco
705 460 804 499 aliquo
834 471 1009 498 occurrens,
1036 462 1174 498 explicari
1198 462 1311 492 debeat.
1355 463 1424 492 Vid.
1456 463 1525 492 Keil
1545 465 1566 492 1.
1589 473 1617 493 c.
1646 466 1672 501 ἕ.

150 523 206 553 35.
248 517 377 545 Concedi
393 525 487 545 tamen
501 523 724 550 nonnumquam
750 520 846 550 potest
869 514 973 549 aliquis
998 514 1028 542 in
1049 514 1120 542 hanc
1145 523 1204 542 rem
1230 514 1389 551 Amiogiae
1411 515 1559 545 doctrinae
1578 524 1673 551 usus,

149 576 230 603 rquae
257 577 288 596 v.
318 577 345 596 c.
377 567 504 596 adhiberi
525 571 625 602 'potest
648 566 683 593 ad
700 566 931 595 confirmandum
956 566 994 593 de
1019 566 1151 601 quaesito
1176 566 1341 604 significatu
1366 567 1515 605 judicimn-.
1558 566 1607 596 Ex
1631 567 1673 596 A·

158 619 269 655 nalogia
298 619 444 647 doctrinae
468 627 483 646 a
509 619 598 646 Paulo
626 617 758 653 inprimis
786 619 841 646 late
867 617 1014 653 expositae
1032 618 1441 655 confirm-‘curssintevpretaeio
1468 619 1609 647 formulae
1635 620 1676 648 δι-

157 672 281 703 καιυσύνη
297 673 342 698 τοῦ
368 671 425 700 θεοῦ
466 668 556 698 Rom.
582 676 618 696 ῐ·
643 677 688 704 17.
730 677 766 705 3:
790 677 846 703 21,
869 678 930 703 22,
953 677 1009 704 25,
1033 669 1081 698 26.
1114 678 1169 704 qua
1188 669 1348 704 statuitur,
1376 679 1435 698 non
1451 670 1600 706 justitiam
1628 669 1675 698 in-

157 720 268 757 telligi,
289 729 362 762 *quae
379 722 424 748 in
431 719 490 754 Deo
518 726 589 754 est,
604 721 654 748 sed
677 729 691 748 e
709 719 861 756 singulari
873 728 976 756 genere
995 719 1173 755 beneficium,
1195 729 1214 748 a
1239 720 1297 749 Deo
1316 720 1471 749 hominibus
1490 721 1651 748 collocatum

155 771 216 800 slve
242 771 463 800 demonstratum
486 773 521 799 iis
538 771 596 798 Dei
608 770 756 807 favorem.
798 765 869 800 V'i'd.
900 771 948 800 C1.
973 771 1005 808 J.
1036 779 1093 800 van
1123 771 1225 799 Voorst
1251 771 1329 809 Spec.
1357 771 1483 800 Atmott
1500 772 1538 801 Π.
1567 781 1598 808 p.
1619 774 1668 808 69.

156 821 294 851 Similiter
322 822 385 851 'lit.
408 832 447 859 3.
471 825 499 852 8.
529 823 666 852 πιστεύειν
692 824 730 859 τῷ
755 824 820 859 θεῷ,
850 831 909 851 non
934 831 966 850 ex
993 822 1109 850 Graeco
1131 831 1186 850 usn
1209 821 1285 857 dici,
1308 823 1358 850 sed
1378 823 1542 858 Hebraico,
1568 823 1671 852 confir-

155 880 213 903 mat
242 873 384 910 Analogia
410 873 566 902 doctrinae.
615 873 746 902 Addatur
775 875 861 903 locus
903 881 915 901 1
938 874 1001 902 Pet.
1024 882 1062 902 2:
1093 876 1122 903 8.
1154 874 1233 909 quod
1260 874 1294 902 ad
1320 874 1493 902 vocabulum
1522 875 1669 909 ἐτέθηταιν,

153 926 237 962 quus
260 924 524 961 interpretationem
546 924 659 953 ductam
682 933 717 952 ex
735 933 790 952 usu
816 925 954 960 loquendi
974 925 1117 953 Hebraico
1138 924 1273 953 vocabuli
1302 921 1416 961 Ε-Πζρ,
1448 926 1526 961 quod
1549 925 1673 954 refertur

153 975 189 1004 ad
212 976 357 1004 decretum
388 975 442 1004 Dei
462 996 472 1010 ,
508 976 592 1012 eujus
623 974 784 1011 propositis
809 982 837 1004 et
860 975 1103 1012 promissionibus
1133 982 1252 1003 eventus
1281 977 1359 1004 omni
1386 986 1420 1005 ex
1444 985 1524 1013 parte
1552 987 1672 1014 respon-

153 1026 237 1061 deat,
262 1026 393 1054 doctrina
416 1027 450 1054 de
471 1026 535 1054 Deo
554 1025 723 1055 confirmat.
763 1028 798 1055 In
824 1026 869 1054 his
889 1035 959 1055 vero
980 1026 1097 1062 agendis
1118 1027 1209 1061 prima
1234 1035 1298 1054 cum
1322 1027 1441 1055 maxime
1464 1037 1533 1056 cura
1556 1029 1613 1064 sit,
1637 1037 1668 1058 ut

152 1076 232 1113 ipsas
254 1085 342 1106 voces
370 1083 398 1104 et
429 1076 541 1104 dicendi
558 1075 664 1105 formas
690 1077 726 1105 ad
746 1078 827 1113 leges
852 1076 1089 1105 Hermeneuticas
1116 1076 1267 1113 dilrgenter
1293 1084 1489 1112 exponamus,
1515 1079 1609 1107 habita
1631 1080 1669 1108 si-

152 1128 213 1156 mul
235 1127 346 1156 ratione
371 1135 491 1162 eorum,
514 1135 586 1162 quae
603 1127 640 1155 de
657 1127 807 1163 scriptoris
833 1127 948 1165 placitis
970 1126 1120 1156 manifesta
1140 1127 1219 1160 sint,
1242 1133 1269 1154 et
1287 1126 1318 1155 in
1341 1127 1500 1157 subsidium
1513 1149 1524 1165 ,
1547 1130 1571 1158 si
1591 1139 1665 1166 opus

152 1177 212 1213 sit,
231 1178 342 1207 vocatis
368 1178 529 1205 rationibus
554 1186 622 1204 cum
646 1184 823 1212 contextus,
846 1184 908 1206 tum
934 1179 1066 1206 locorum
1094 1178 1310 1214 parallelorum.

191 1228 231 1257 B.
259 1228 347 1266 Quod
371 1227 471 1255 attinet
494 1227 529 1255 ad
554 1235 643 1255 voces
663 1233 693 1256 et
713 1226 873 1262 formulas,
898 1227 960 1257 sive
986 1237 1080 1258 novas
1105 1229 1164 1258 sive
1187 1238 1264 1258 nova
1288 1229 1399 1259 ratione
1417 1230 1577 1267 adhibitas,
1599 1232 1667 1261 doc-

150 1278 236 1309 trinis
262 1278 353 1307 Novo
383 1276 573 1306 Testamento
593 1277 722 1314 propriis
742 1279 890 1308 tradendis·
913 1287 941 1309 et
971 1279 1147 1316 explicandis
1174 1280 1384 1316 inservientes,
1410 1281 1440 1310 in
1465 1282 1508 1311 his
1533 1283 1666 1320 inprimis

151 1329 323 1366 Analogiam
342 1328 489 1357 doctrinae
507 1329 713 1358 consulendam
732 1338 816 1364 esse,
836 1339 921 1360 nemo
939 1340 999 1360 non
1016 1331 1162 1368 intelligit.
1204 1331 1295 1362 Conf.
1320 1341 1408 1368 supra
1432 1332 1506 1361 dicta
1527 1343 1595 1371 pag.
1615 1337 1666 1365 26.

150 1381 196 1410 Ita
228 1389 261 1409 v.
288 1389 315 1409 e.
356 1379 426 1414 quid
452 1379 515 1416 Jac.
539 1387 574 1410 ιε
598 1387 645 1415 14.
678 1388 730 1416 per
753 1381 895 1416 ἐπιθυμίαν
920 1382 1137 1418 intelligendum
1163 1382 1220 1418 sit,
1252 1383 1372 1419 exponit
1397 1383 1498 1420 religio
1523 1385 1665 1415 ChriStia-

147 1440 208 1467 na,
237 1430 278 1460 cf.
307 1429 439 1466 inprimis
473 1429 566 1459 Rom,
582 1438 620 1466 7⁷:
643 1439 674 1466 7.
714 1430 851 1459 Formuia
877 1432 956 1466 νόμος
977 1433 1077 1465 τέλειος
1099 1438 1150 1467 τῆς
1166 1435 1339 1470 ἔλευθερέας,
1364 1434 1426 1470 Jac.
1452 1444 1488 1463 1:
1509 1443 1556 1470 25.
1588 1439 1659 1466 coll.

145 1482 198 1519 Jo.
218 1483 256 1510 8:
280 1491 315 1518 34
337 1489 411 1516 sqq„
440 1480 565 1516 aliisque
589 1479 665 1509 locis
694 1480 880 1517 intelligenda
913 1481 1027 1511 videtur
1057 1484 1093 1513 de
1124 1483 1256 1513 libertate
1290 1485 1324 1513 ab
1351 1484 1514 1514 affectibus.
1555 1487 1596 1516 At
1617 1490 1664 1517 vel

150 1533 193 1562 sic
213 1532 242 1562 in
265 1533 343 1561 hisce
365 1539 483 1567 quoque
501 1531 578 1559 haud
598 1531 688 1561 nimio
714 1534 780 1569 plus
804 1532 964 1569 Analogiae
982 1533 1133 1563 doctrinae
1152 1534 1334 1564 tribuendum
1363 1543 1417 1565 est.
1460 1537 1503 1565 Ut
1523 1538 1580 1566 hoc
1603 1546 1669 1568 uta-

150 1592 234 1619 mur,
255 1585 327 1612 male
349 1581 482 1612 nonnulli
500 1581 656 1611 haeserunt
674 1582 704 1611 in
723 1583 814 1611 verbo
831 1584 963 1620 σώζει-σει,
987 1585 1076 1614 obvio
1101 1591 1114 1614 1
1131 1585 1192 1614 Pet.
1214 1595 1252 1621 4:
1276 1588 1324 1614 18.
1347 1593 1375 1615 et
1397 1586 1577 1616 incommode
1593 1598 1664 1619 con.

149 1635 277 1662 tulerunt
301 1633 370 1662 alibi
392 1634 492 1662 tradita
522 1635 557 1663 de
582 1633 813 1672 eternas-‚dexim'ie
838 1633 896 1664 ita*
903 1632 998 1671 dicffi,
1029 1632 1090 1665 sisse
1118 1631 1209 1664 silute
1234 1643 1262 1665 et
1283 1637 1419 1666 beatitate
1442 1638 1472 1667 in
1502 1640 1561 1668 vita
1584 1640 1664 1669 futu-

149 1694 180 1713 ra
202 1689 254 1717 τοῖς
276 1686 385 1717 δικαιοῖς
410 1684 569 1713 certissime
595 1687 795 1727 exspectanda.
837 1685 1002 1720 Contextus
1033 1687 1131 1739 enim,
1153 1693 1194 1724 ut
1215 1687 1301 1727 nobis
1329 1687 1442 1727 quidem
1466 1689 1596 1726 videtur,
1619 1692 1661 1719 di-

151 1743 225 1765 seite
240 1736 322 1773 jubet
338 1735 458 1764 verbum
476 1735 532 1765 hoc
556 1738 623 1778 loco
647 1734 831 1778 interpretari
841 1736 885 1780 de
897 1724 1102 1766 iiber-amorre
1089 1738 1105 1765 a'
1118 1734 1204 1785 malis
1222 1734 1383 1793 corporei&
1424 1739 1493 1777 Quo
1513 1749 1659 1778 assumto,

152 1787 296 1817 evanescit
318 1785 411 1815 omnis
432 1783 519 1823 husus
542 1787 600 1816 lodi
629 1784 792 1820 difficultas.
819 1786 825 1791 ⁴
868 1769 873 1791 ¹
945 1775 955 1799 ¹
991 1792 998 1801 ’·
1020 1796 1023 1799 ·
1124 1794 1128 1799 ’

187 1840 220 1868 In
239 1837 402 1867 istiusmodi
428 1837 516 1874 igitur
537 1826 639 1869 verbis
661 1847 689 1869 et
713 1820 886 1875 formulis,¹
896 1828 958 1868 etsi*
965 1826 1110 1876 prodest
1120 1826 1295 1877 >‘analogiam
1313 1840 1460 1871 doctrinae
1486 1847 1656 1882 consulere,

148 1898 242 1920 tamen
261 1896 410 1919 contextae
441 1888 579 1920 orationis
607 1899 763 1928 numquam
781 1900 841 1925 non
861 1891 933 1922 ratio
959 1891 1086 1922 habenda
1107 1900 1167 1930 est,
1191 1900 1219 1922 et
1240 1892 1275 1922 iis
1295 1893 1568 1935 obtemperandum,
1587 1907 1658 1935 quae

150 1951 218 1979 pag.
238 1943 286 1973 26.
313 1938 523 1978 praecepimus.

1663 753 1674 768 2

1628 2101 1662 2135 ld
