1961 2438
708 128 773 150 {N
850 115 1174 152 SENATU.
1633 142 1669 168 ῃ

290 220 354 243 xxx
376 208 459 242 Nov.
504 208 563 240 Vir
586 205 634 238 Cl.
661 216 693 238 G.
716 214 950 236 WTTEWAAL
973 215 1096 236 novum
1118 217 1238 241 munus
1265 213 1446 256 auspicatus
1470 222 1535 255 est,
1564 217 1673 252 habita

378 260 553 298 Oratione,
579 260 667 290 over
683 256 724 288 de
745 255 1125 298 Landlzuclclzoudkunde‚
1148 262 1197 293 uic
1214 263 1337 309 lzoofde
1358 279 1425 300 van
1446 269 1526 302 hare
1543 271 1673 317 belang-

375 311 516 357 rijklzeid
535 311 577 343 cle
600 310 811 353 beschermmg
838 321 905 342 van
933 310 955 343 's
967 312 1055 354 RiJks
1076 315 1229 360 Begering
1253 319 1406 363 waardtg.

206 412 301 457 1823.
334 411 368 446 d.
391 421 445 444 xv1
468 408 618 442 Ianuarii.
664 409 812 448 Quatuor
835 420 875 441 ex
900 408 1035 444 diversis
1051 412 1285 455 Facuhafibus,
1309 417 1349 449 ad
1371 428 1517 451 normam
1543 431 1560 451 a
1585 424 1670 465 Rege

378 463 623 507 Angustissimo
669 464 899 503 constitutam,
939 466 1097 499 nominati
1134 474 1210 500 sunt
1240 469 1457 511 Professores,
1486 484 1526 504 ex
1555 476 1674 518 quibus

374 527 462 550 unus
485 527 503 547 a
519 518 604 559 Rege
622 514 793 558 eligeretur
817 516 858 548 ad
872 519 1015 550 Rectoris
1037 529 1179 561 munus,
1205 533 1291 555 anno
1312 525 1462 567 proximo
1483 526 1558 558 inde
1582 539 1600 559 a
1620 528 1672 561 die

379 570 563 604 Academiae
591 569 689 601 natali
715 569 904 613 gerendum.

419 624 584 657 Nominati
610 635 742 667 quoque
763 630 840 656 sunt
867 631 1006 668 quatuor
1024 649 1035 665 ‚
1071 636 1112 658 ex
1137 626 1255 671 quibus
1288 641 1375 663 unus
1403 642 1442 663 ex
1478 632 1547 677 lege
1572 634 1674 679 Regia

376 677 544 721 eligendus
563 684 644 710 esset
666 679 836 711 Actuarius
859 679 894 710 in
914 689 1038 710 annum
1068 688 1265 723 sequentem.

421 730 609 762 Nominatio
630 731 720 773 prior
746 739 823 760 mox
855 739 912 772 per
933 729 1040 762 literas
1063 734 1192 766 Latinas
1223 734 1263 767 ad
1289 737 1407 779 Regem
1439 739 1552 781 missa,
1590 748 1675 776 utra.

377 793 442 827 que
471 794 547 815 cum
571 782 780 816 Curatoribus
806 783 1042 816 communicata
1067 792 1127 821 est.

292 892 326 916 lv
347 880 440 914 Febr.
483 879 537 913 Ad
561 881 714 912 Senatum
739 880 878 924 perlatae
899 887 976 912 sunt
1004 881 1112 914 literae
1138 882 1186 917 111.
1211 885 1398 919 Academiae
1419 889 1610 924 Curatorum
1635 895 1674 928 de

379 933 535 966 addendis
555 935 723 966 nonnullis
742 934 899 967 formulae
920 934 1106 977 diplomatis
1122 935 1307 979 doctoralis,
1336 950 1423 971 anno
1439 946 1597 987 superiori
1613 951 1674 981 Re.

376 987 427 1028 gis
443 984 570 1016 decreto
590 985 752 1019 definitae.

420 1037 547 1071 Eodem
571 1038 624 1071 die
651 1040 777 1083 regium
798 1041 967 1074 recitatum
1000 1048 1049 1074 est
1084 1042 1268 1085 decretum,
1299 1058 1317 1078 2
1336 1046 1429 1081 Febr.
1453 1048 1493 1080 ad
1522 1052 1674 1086 Senatum

376 1092 600 1125 transmissum
617 1116 629 1133 ‚
659 1105 727 1137 quo
755 1096 872 1127 Rector
901 1095 1091 1129 Academiae
1118 1099 1312 1141 Magnificus
1343 1101 1378 1133 in
1412 1113 1535 1136 annum
1561 1112 1672 1150 proxi.

378 1155 470 1178 mum
488 1146 674 1191 designatur
692 1148 750 1180 Vir
776 1147 828 1182 Cl.
852 1159 879 1181 m
890 1159 1068 1182 ATTHIAS
1097 1161 1190 1184 stae
1202 1163 1375 1188 ΕΝΒΕΕΚ.
1418 1159 1546 1192 Rectori
1575 1161 1676 1195 electo

376 1199 494 1244 adjecti
521 1207 599 1233 sunt
619 1202 802 1248 Assessores

893 1254 963 1288 Viri
989 1255 1163 1290 Clarissimi
1189 1269 1247 1293 το.
1274 1271 1365 1295 cAR.
1396 1272 1563 1298 Raniss-

1187 1322 1304 1347 CORN.
1327 1325 1410 1349 JAc.
1433 1327 1512 1349 VAN
1536 1329 1675 1353 assant.

1190 1376 1246 1399 πο.
1277 1378 1358 1400 VAN
1387 1379 1558 1403 voonsr.

1193 1429 1307 1455 comv-
1339 1433 1492 1457 EKAMA.

291 1517 350 1541 vm
373 1506 465 1541 Febr.
510 1511 627 1541 Rector
657 1509 698 1542 ad
729 1510 883 1544 Senatum
908 1511 1036 1550 retulit,
1065 1512 1101 1543 in
1129 1521 1282 1545 consessu
1315 1517 1529 1558 Curatorum,
1560 1521 1676 1553 Recto-

374 1561 419 1591 ris
452 1567 484 1591 et
510 1564 721 1592 Assessorum
743 1575 783 1594 cx
810 1565 996 1609 nominatis?
1009 1565 1145 1597 electum
1173 1576 1242 1598 esse
1266 1569 1459 1602 Actuarium
1485 1572 1600 1604 Virum
1628 1574 1675 1607 Cl.

377 1622 404 1644 s.
436 1623 621 1645 sPEYERT
664 1624 745 1647 VAN
786 1626 864 1649 nnn
897 1628 991 1650 EYK.
1047 1619 1140 1651 Brevi
1175 1626 1250 1663 post
1289 1631 1424 1655 munere
1460 1624 1571 1657 abiens
1615 1628 1674 1659 Vir

378 1664 514 1707 Magnis.
536 1667 570 1698 in
596 1666 768 1700 Auditorio
794 1671 910 1713 Majori
933 1671 1099 1704 solennem
1132 1674 1320 1707 Orationem
1347 1675 1478 1716 habuit,
1507 1679 1563 1711 De
1583 1682 1674 1723 insig-

377 1722 482 1757 nium..
507 1721 564 1764 qui
581 1722 616 1753 in
636 1722 776 1754 Scientia
791 1722 1016 1758 Astronomica
1025 1727 1115 1764 sacti
1129 1734 1216 1767 sunt,
1232 1739 1460 1771 progressuum
1471 1731 1675 1768 fundamen-

378 1774 431 1813 tis,
453 1785 476 1805 a
489 1776 620 1808 summis
639 1776 674 1808 in
690 1787 724 1807 re
751 1776 986 1811 Matlzematica
1008 1787 1040 1812 et
1058 1782 1285 1815 Astronomica
1311 1783 1418 1823 Viris,
1434 1785 1561 1827 partim
1585 1784 1672 1818 deci-

376 1836 430 1857 mo
457 1835 568 1868 sexto,
592 1831 736 1860 maxime
757 1828 883 1862 decimo
906 1833 1042 1876 septimo
1063 1835 1190 1867 saeculo
1200 1837 1277 1878 jam
1290 1839 1468 1881 praecipue
1479 1839 1588 1880 jactis.

418 1881 546 1912 Caetera
573 1892 613 1912 ex
635 1893 725 1914 more
750 1884 884 1928 antiquo
901 1891 933 1916 et
960 1884 1086 1928 legibus
1113 1889 1209 1932 regiis
1235 1889 1298 1923 hoc
1330 1890 1383 1924 die
1418 1889 1606 1934 praestanda
1628 1890 1674 1923 fe·

374 1929 476 1965 liciter
501 1942 627 1977 peracta
651 1942 740 1970 sunt.

962 2083 985 2113 B
1009 2094 1028 2115 2
1528 2093 1665 2118 sanus
