1961 2438
682 108 713 137 o
756 104 785 138 R
828 103 856 138 'A
899 105 926 136 Τ
968 104 985 137 1
1028 103 1072 139 0.·
1577 112 1620 151 ‘⁵3

146 195 365 229 administrare
387 205 455 228 non
481 192 626 238 contigit.
670 194 769 226 Lenta
792 192 864 225 tabe
888 199 1054 234 correptus
1088 191 1147 225 Vir
1169 192 1312 236 optimus
1327 215 1337 231 ,
1372 195 1461 238 quod
1495 195 1616 228 malum

145 254 220 286 forti
247 260 279 285 et
312 252 493 284 Christiano
525 251 656 282 homine
683 250 783 294 digno
814 252 923 283 animo
952 249 1113 293 pertulit,
1144 251 1217 293 ipso
1256 244 1328 282 rere
1361 252 1438 283 anni
1472 253 1617 295 proxime

145 309 262 354 elapsi,
285 307 410 352 placido
435 307 500 339 fine
528 308 661 351 quievit.

173 477 309 510 »Eodem
333 477 397 510 fere
420 483 579 521 tempore,
606 477 662 521 qui
687 489 744 522 per
775 489 878 511 annos
904 480 1142 524 quinquaginta
1163 481 1309 526 quinque
1338 483 1452 516 Literis
1483 485 1618 517 Patriae·

147 547 212 580 que
224 537 340 567 eximie
349 535 498 579 prodesse
516 546 641 578 semper
658 535 800 574 studuit,
820 540 878 568 VIr
894 537 1131 569 Illustrissimus
1154 549 1405 572 HERMANNUS
1428 551 1618 581 Τοιιιυε,

148 593 182 623 in
208 592 380 625 Academia
407 591 677 630 Harderoviceua‚
702 593 801 635 inque
829 592 946 624 illustri
969 593 1319 627 Amsielodamensium
1341 597 1529 637 Athenaeo,
1549 600 1618 630 Hu-

152 649 335 680 manitatem
357 658 486 679 summo
511 654 542 679 et
565 647 721 691 applausu
739 655 771 679 et
795 647 902 679 fructu
923 648 1000 680 olim
1029 649 1168 689 docens,
1190 651 1266 683 inde
1292 654 1418 686 Auriaci
1446 655 1617 697 PrincipiS‚
1670 686 1674 689 a

144 705 246 747 ipsius
266 704 491 747 Augustissimi
507 715 595 736 nuno
612 705 707 747 Regis
727 705 845 743 nostri,
869 705 983 737 studiis
997 707 1196 748 juvenilibus
1217 708 1398 741 Moderator
1420 710 1615 754 praefectus,

148 768 224 791 mox
246 760 278 791 iu
289 759 462 803 Republica
479 766 510 791 et
530 760 563 790 in
579 759 662 792 Aula
679 761 835 804 Principis
851 761 1032 804 insignibus
1052 763 1181 796 functus
1198 766 1387 798 muneribus
1399 790 1409 806 ‚
1431 767 1517 810 apud
1530 774 1615 799 exte-

147 812 368 860 ros-deinceps
388 828 454 848 non
474 816 595 848 minori
613 827 708 860 quam
726 817 811 860 apud
829 828 905 850 suos
924 818 1051 851 honore
1066 821 1194 854 habitus
1205 846 1215 862 ‚
1241 830 1367 856 nostrae
1384 824 1513 856 tandem
1532 827 1617 858 Aca.

146 870 268 903 demine
289 872 486 915 adscriptus,
507 874 657 905 Nestorea
675 883 731 904 sua
751 872 921 916 prudentia
946 876 1050 908 eidem
1072 877 1180 910 decori
1201 878 1329 912 futurus
1355 887 1388 912 et
1409 880 1548 923 gloriae,
1573 898 1617 908 —

146 934 176 960 et
205 927 266 959 fuit
284 928 427 971 profecto
440 952 451 967 ,
475 930 640 973 Jquantum
666 940 723 972 per
745 929 962 962 valetudinem
984 931 1077 965 licuit
1095 952 1141 960 -
1162 937 1250 968 hunc
1269 937 1368 979 igitur
1388 938 1503 969 Virum
1526 949 1616 981 prae-

145 984 266 1016 clarum
284 985 524 1028 optimumque,
547 991 620 1016 ante
639 995 756 1016 novem
781 984 845 1017 fere
872 997 1015 1028 menses,
1047 989 1144 1023 nobis
1167 991 1262 1024 senili
1285 992 1351 1025 fato
1374 992 1542 1026 decessisse
1566 994 1615 1026 lu-

148 1050 283 1083 gemus,
317 1040 488 1084 debitaque
517 1042 622 1073 tristes
653 1044 880 1085 prosequimur
896 1045 1078 1078 carissimae
1098 1049 1271 1080 memoriae
1299 1050 1616 1084 commemoratione,

144 1096 267 1128 Meritis
286 1097 396 1140 Magni
421 1097 491 1129 Viri
509 1107 584 1129 cum
609 1098 769 1130 Literariis
792 1105 863 1131 tum
894 1100 1052 1134 Civilibus
1078 1102 1296 1144 celebrandis,
1320 1112 1357 1137 ut
1383 1108 1536 1150 imparem
1561 1117 1613 1138 me

150 1153 276 1191 sentio,
296 1155 339 1185 ita
368 1160 439 1197 post
460 1164 716 1188 ‘rnwA‘rziuut
741 1157 913 1190 Summum
934 1159 1071 1200 Virum,
1093 1161 1154 1204 qui
1170 1161 1291 1196 amicus
1309 1169 1343 1196 et
1356 1163 1498 1208 aequalis
1514 1162 1612 1207 digne

142 1206 302 1250 hudavit,
323 1209 414 1242 facile
438 1210 640 1255 supersedet).

186 1383 456 1418 'sawt-rannac
476 1384 621 1430 appello3
645 1386 701 1419 sed
716 1387 798 1421 eheu
815 1396 939 1433 quanto
953 1399 1029 1424 cum
1049 1391 1160 1426 dolore
1177 1393 1350 1439 luctuque!
1396 1398 1435 1429 Et
1451 1394 1515 1430 Hoc
1533 1407 1614 1440 quo-

142 1448 207 1482 que
228 1438 351 1472 clarum
370 1440 564 1475 Academiae
585 1442 675 1476 sidus
699 1445 766 1488 jam
792 1446 928 1480 occidit!
958 1450 1097 1493 Speratis
1119 1450 1331 1485 viridissimae
1359 1454 1440 1485 tanti
1463 1455 1534 1487 Viri
1563 1465 1612 1487 se-

144 1496 283 1527 nectutis
321 1495 479 1531 fructibus
510 1499 578 1543 jam
609 1499 835 1546 destituimur!⁴
878 1505 949 1547 Ipse
987 1512 1037 1538 tot
1073 1517 1266 1551 magnorum
1304 1510 1460 1543 Virorum
1499 1510 1609 1544 lauda-

144 1554 217 1590 tor,
247 1551 313 1595 jam
344 1552 543 1588 laudatorem
571 1556 728 1600 postulat!
781 1558 901 1593 Habeat
916 1583 930 1600 ,
964 1569 1043 1606 opto
1057 1587 1071 1605 ,
1101 1574 1169 1608 quo
1200 1564 1320 1608 dignus
1356 1573 1404 1599 est
1420 1589 1432 1607 ,
1464 1567 1611 1613 aliquan-

141 1603 185 1636 do
210 1607 262 1638 sui
283 1609 438 1640 similem!
467 1612 552 1642 mihi
576 1623 667 1644 nunc
694 1614 786 1648 liceat
809 1617 892 1649 vitae
911 1617 993 1651 bene
1016 1626 1104 1653 actae
1133 1623 1323 1656 memoriam
1346 1625 1457 1668 paucis
1484 1632 1610 1659 tantum

137 1663 321 1697 revocando
342 1664 486 1711 defungi

183 1779 284 1813 Natus
307 1781 369 1816 fuit
392 1795 494 1818 :som
525 1797 779 1824 emunitus
807 1801 854 1826 τε
883 1802 1028 1826 warin
1054 1801 1146 1826 'anno
1171 1793 1389 1838 praecedentis
1409 1794 1508 1828 seculi
1530 1804 1611 1838 qua·

144 1834 347 1880 'di-agesimo,
371 1843 457 1885 apud
471 1843 774 1882 'Flandro-Batavos
793 1849 828 1880 in
845 1859 930 1894 pago
957 1850 1148 1894 Zaamslag,
1173 1858 1263 1884 ortus
1289 1863 1365 1885 vero
1382 1858 1476 1896 gente
1499 1862 1518 1883 a
1537 1851 1610 1895 plu-

143 1891 233 1925 ribus
260 1895 335 1927 inde
369 1899 483 1931 seculis
508 1902 595 1945 apud
630 1903 743 1937 Gelros
775 1905 871 1948 gestis
897 1905 1077 1939 honoribus
1100 1908 1193 1940 clara.
1245 1910 1359 1941 Literis
1384 1908 1438 1940 ille
1466 1910 1609 1952 primum

143 1947 333 1983 informatus
359 1954 545 2000 Flissingae,
565 1958 637 2001 jam‘
655 1971 756 2004 paene
787 1972 868 2005 puer
882 1963 1035 2006 ‘prodidit
1064 1964 1247 2008 insignem,
1267 1976 1353 2009 quo,
1378 1967 1477 1998 Patris
1502 1976 1610 1998 exem-

140 2004 218 2049 plo,
240 2006 438 2051 ducebatur,
460 2014 637 2057 Historiae,
660 2017 779 2048 Patriae
803 2018 971 2062 inprimis,
995 2014 1158 2060 atriorem,
1187 2024 1305 2067 scripta
1338 2025 1484 2056 oratione
1508 2021 1609 2055 Scho-

139 2059 268 2104 lastica,
292 2065 421 2099 Honori
441 2076 475 2101 et
499 2072 617 2104 Meritis
639 2071 859 2107 illustrissimae
887 2077 994 2108 Gentis·
1019 2076 1202 2112 Bon-valiae,

953 2136 982 2165 D
1514 2137 1608 2167 Hane
