1930 2448
315 109 351 142 48
549 101 785 141 JA-COBI
833 98 1125 129 HENR101
1165 107 1254 129 νΑΝ
1295 108 1387 131 DER
1426 100 1594 130 HEIM

321 194 384 223 est,
408 194 490 223 quam
515 184 606 215 allatis
633 184 690 221 iis,
723 192 792 220 quae
815 184 849 212 de
877 183 922 212 his
944 189 1003 211 tum
1027 182 1095 220 thi
1121 189 1181 212 tum
1204 183 1250 212 alii
1278 192 1313 212 ex
1337 183 1505 220 antiquitate
1530 184 1694 221 Scriptores
1721 192 1827 213 memo-

322 245 469 273 raverunt,
495 235 680 265 testimoniis.
735 236 833 270 Itaque
858 234 887 263 in
914 235 936 263 1.
957 243 998 267 2,
1029 234 1077 269 qui
1112 235 1240 265 continet
1267 236 1452 272 probationes
1476 245 1527 265 seu
1553 235 1714 265 testimonia
1739 235 1828 264 Vete-

322 298 382 318 rum
413 289 446 317 de
474 286 595 323 singulis
620 285 752 323 legibus,
776 285 876 314 merito
905 293 1022 321 quoque
1049 285 1178 322 adjunxit
1207 295 1237 314 ea
1265 288 1348 322 loca,
1380 295 1451 322 quae
1477 296 1536 316 non
1562 294 1670 316 tantum
1698 287 1733 314 ad
1760 295 1831 322 pro-

322 340 433 375 banda,
462 339 512 367 sed
535 338 618 367 etad
641 337 804 374 explicanda
834 337 946 373 singula
970 337 1063 373 legum
1090 336 1180 372 capita
1208 336 1265 365 vim
1295 337 1424 374 -habent3
1457 339 1540 375 cujus
1567 338 1625 373 rei,
1657 346 1692 366 ne
1721 344 1825 365 temere

318 392 391 420 illud
418 391 524 420 dixisse
556 390 703 419 videamur
733 395 824 417 exstat
849 387 991 425 egregium
1018 389 1179 423 exemplum
1210 387 1286 416 Tab.
1304 389 1343 417 V.
1371 389 1406 417 ad
1429 390 1540 425 legem:
1569 388 1625 417 Ast
1648 390 1672 417 si
1694 390 1828 416 intestato

317 443 443 470 moritur
471 443 517 469 cm·
543 450 607 469 suus
636 440 713 469 heres
744 449 791 468 nec
817 441 902 474 escit,
932 445 1055 476 agnatus
1076 440 1223 476 proximus
1249 438 1399 474 familiam
1426 439 1542 476 habeto,
1575 441 1601 469 si
1627 446 1751 477 agnatus
1781 447 1828 467 nec

319 495 384 522 escit
406 493 521 530 gentilis
539 492 690 529 familiam
714 491 792 518 heres
816 491 957 518 nancitor.

356 545 389 572 In
416 553 470 579 qua
495 545 556 580 lege
584 542 714 579 optime,
743 549 817 577 quos
842 539 1012 569 intellexerit
1039 541 1086 568 lex
1112 549 1172 569 suos
1193 541 1305 570 heredes
1328 549 1355 571 et
1376 552 1428 571 cm·
1447 545 1491 572 ita
1513 542 1584 572 dicti
1606 549 1671 571 sunt
1686 542 1829 579 JCtorum

319 595 435 632 scriptis
461 595 642 630 illustratur,
670 593 709 622 ita
733 600 765 621 ut
794 593 893 620 doceat
921 601 1033 621 suorum
1060 593 1253 629 appellatione
1279 595 1419 623 contineri
1450 602 1505 623 tam
1527 594 1601 629 filios
1631 603 1713 630 quam
1729 593 1828 630 filias,

321 655 382 675 tum
413 646 495 675 etiam
522 653 649 684 nepotes,
680 653 739 674 non
767 652 836 673 vero
864 644 955 681 capite
980 644 1119 671 minutos:
1146 653 1239 680 neque
1271 645 1355 673 etiam
1383 645 1460 675 filios
1488 654 1549 674 esse
1575 645 1671 674 matris
1698 645 1830 673 haeredes

318 709 387 729 suos
413 701 556 730 ostendet.
598 699 818 729 Eodem'modo
840 706 955 733 quoque
973 697 1132 726 illustratur
1147 704 1205 724 vox
1222 703 1345 734 agnatus
1367 703 1393 725 et
1405 697 1574 735 proximus,
1598 705 1681 731 quam
1702 696 1830 725 ultimam

319 760 419 780 vocem
448 753 533 780 docet
555 750 685 787 quamvis
715 748 851 786 singulari
880 757 998 777 numero
1027 749 1056 777 in
1080 749 1142 785 lege
1167 756 1330 783 expressam
1357 754 1450 777 tamen
1472 748 1506 777 ad
1531 750 1628 784 plures
1653 747 1775 783 referri,
1805 746 1831 774 si

316 804 417 832 eodem
444 803 530 839 gradu
563 808 648 831 sunt:
681 801 767 829 docet
797 808 914 835 quoque
940 800 1024 835 quale
1056 805 1170 835 tempus
1203 799 1389 835 spectandum
1425 799 1463 827 sit
1492 798 1522 827 in
1552 799 1733 836 dijudicando
1768 800 1832 836 quis

313 856 462 892 proximus
480 853 577 890 fuerit
599 859 654 881 etc.
702 851 834 886 Denique
861 850 884 879 si
906 857 973 887 post
993 852 1049 880 hoc
1078 851 1185 887 duplex
1209 851 1452 887 interpretationis
1480 859 1570 887 genus
1598 850 1718 879 dubium
1738 851 1830 879 adhuc

320 914 471 942 superesse
500 904 610 934 auctori
633 904 727 932 vis-um
755 909 818 938 est,
847 902 919 931 illud
948 902 977 931 in
1004 903 1083 932 notis
1110 903 1205 932 fusius
1230 903 1398 939 explicatur.
1450 903 1484 931 In
1516 911 1575 938 quo
1598 909 1692 931 tamen
1719 902 1831 938 singula

316 957 405 985 verba
430 964 489 985 tum
514 956 596 985 etiam
621 955 745 991 integras
765 953 918 982 sententias
935 954 1078 983 illustrat:
1110 955 1151 983 sic
1172 963 1201 983 v.
1221 963 1248 984 c.
1277 954 1313 983 ad
1333 953 1409 982 Tab.
1431 954 1454 982 I.
1478 953 1546 989 quid
1570 953 1607 984 sit
1629 960 1733 991 atque,
1761 953 1830 989 quid

320 1007 469 1042 assidmzs,
494 1007 562 1043 quid
581 1008 684 1035 stlitem
707 1004 846 1033 adducere
871 1005 1014 1040 explieat:
1038 1006 1105 1034 item
1130 1005 1161 1034 in
1182 1005 1259 1035 Tab.
1277 1005 1316 1035 V.
1341 1005 1410 1041 quid
1429 1004 1467 1033 sit
1487 1010 1565 1033 emta
1590 1006 1668 1033 cita:
1688 1004 1730 1033 sic
1751 1003 1831 1032 deni·

321 1067 376 1094 que
397 1058 426 1087 in
446 1058 522 1087 Tab.
541 1059 593 1087 IX.
617 1057 754 1093 integram
774 1057 885 1092 legem:
911 1065 981 1085 nexo
1000 1057 1088 1085 soluto
1105 1055 1185 1092 forti
1207 1057 1305 1084 sanati
1323 1056 1446 1093 Siremps
1467 1055 1517 1092 jas
1538 1061 1612 1091 esto,
1633 1055 1671 1084 ita
1692 1055 1832 1091 interpre-

319 1117 395 1138 tatus
419 1116 484 1145 est,
505 1115 538 1138 ut
563 1108 628 1137 inde
653 1108 765 1136 demum
784 1106 853 1142 quid
871 1106 927 1135 sibi
947 1107 1016 1135 haec
1033 1106 1159 1135 voluerit
1179 1107 1226 1135 lex
1251 1112 1355 1142 pateat.
1403 1107 1559 1143 Postquam
1587 1105 1661 1134 enim
1687 1114 1722 1133 ex
1743 1105 1830 1134 Festo

319 1161 484 1197 probaverit
503 1168 601 1189 revera
623 1158 711 1188 verba
731 1167 805 1185 nexu
819 1158 906 1186 soluto
928 1158 963 1186 ad
978 1157 1050 1186 hanc
1068 1158 1158 1194 legem
1176 1157 1340 1193 pertinere,
1361 1157 1502 1194 ejusmodi
1525 1156 1747 1193 explicationem
1762 1156 1830 1185 huic

320 1213 385 1240 loco
412 1213 480 1247 dat,
512 1217 545 1240 ut
567 1219 596 1239 ea
621 1212 684 1246 lege
709 1209 888 1245 significetur
913 1217 995 1242 eum,
1029 1207 1078 1244 qui
1104 1209 1141 1237 ob
1169 1216 1214 1236 aes
1238 1207 1358 1236 alienum
1383 1216 1474 1236 nexus
1498 1213 1598 1244 postea
1625 1208 1739 1236 solutus
1771 1207 1829 1242 sit,

321 1263 421 1291 deinde
448 1263 546 1291 iisdem
575 1261 688 1299 -J'uribus
713 1260 771 1288 frui
801 1269 909 1296 posse,
932 1260 1037 1296 quibus
1064 1259 1104 1294 ii,
1128 1259 1176 1295 qui
1198 1267 1353 1295 numquam
1379 1258 1444 1286 nexi
1472 1257 1591 1287 fuerint.
1639 1256 1736 1286 Verba
1758 1257 1828 1286 adeo

312 1314 391 1350 sorti
409 1315 505 1342 sanati
530 1313 662 1350 adjuncta
687 1311 778 1340 fuisse
803 1321 828 1340 e.
846 1320 873 1341 c.
904 1319 935 1340 ut
962 1310 1158 1348 significarent
1184 1310 1219 1338 ad
1243 1310 1358 1338 eandem
1386 1308 1525 1337 rationem
1553 1308 1626 1337 illud
1652 1317 1735 1344 esse,
1758 1317 1830 1344 quae

319 1366 394 1393 valet
426 1364 456 1393 in
481 1364 599 1401 populis
629 1363 755 1392 fortibus
787 1370 814 1390 et
839 1362 996 1391 sanatibus.
1046 1361 1120 1390 Sunt
1145 1368 1241 1390 autem
1270 1361 1440 1396 interpretes
1469 1358 1604 1395 plurimi,
1637 1359 1687 1395 qui
1715 1359 1830 1388 inversa

319 1415 428 1444 ratione
453 1416 486 1444 de
509 1415 566 1444 illis
587 1414 705 1451 populi-s
733 1414 850 1450 proprie
879 1414 925 1442 hic
950 1413 994 1450 agi
1022 1412 1137 1445 dicant,
1171 1417 1199 1439 et
1226 1411 1312 1440 verba
1341 1420 1414 1439 nexa
1435 1411 1511 1439 soliti
1533 1410 1653 1446 exempli
1681 1411 1747 1439 loco
1781 1411 1831 1439 ad-

319 1469 391 1504 jecta
418 1466 522 1496 fuisse.
570 1465 667 1501 Magis
692 1473 786 1494 tamen
811 1468 905 1502 placet
927 1463 1105 1493 Gotho·fredi
1131 1462 1293 1496 sententia,
1324 1470 1389 1490 cum
1420 1461 1518 1497 potius
1548 1462 1583 1490 de
1609 1460 1688 1490 nexis
1720 1460 1830 1497 aliquid

319 1525 455 1547 statutum
482 1517 572 1546 fuisse
594 1517 641 1545 his
666 1516 693 1545 in
715 1516 848 1553 legibus,
872 1525 943 1552 quae
969 1514 1135 1552 praesertim
1155 1514 1208 1551 Jus
1235 1513 1321 1541 civile
1346 1514 1579 1548 amplectuntur,
1603 1520 1687 1548 quam
1712 1512 1747 1540 de
1771 1511 1829 1540 illis

320 1570 436 1605 populis
462 1568 565 1598 vicinis
591 1567 744 1596 verisimile
772 1575 827 1596 est.
886 1566 1002 1605 AdJec'it
1036 1569 1092 1605 jam
1116 1567 1220 1596 «ultimo
1246 1568 1311 1596 loco
1337 1565 1541 1601 Glossarium,
1568 1565 1598 1594 in
1621 1574 1678 1601 quo
1705 1571 1733 1593 et
1757 1564 1831 1593 anti-

322 1620 438 1656 quiores
462 1620 616 1649 verborum
641 1618 748 1646 formae
778 1618 889 1654 egrcgie
917 1618 1112 1654 explicantur.

364 1671 410 1699 Ex
435 1670 481 1698 his
509 1670 621 1705 quidem
648 1667 752 1697 confici
780 1677 867 1704 posse
888 1669 1020 1704 videtur,
1040 1669 1141 1698 merito
1165 1669 1247 1697 etiam
1261 1667 1447 1697 Gothofredo
1466 1667 1563 1696 laudes
1581 1666 1745 1695 tribuendas
1767 1674 1830 1695 esse

323 1728 441 1759 propter
462 1720 722 1756 interpretationem
745 1725 772 1747 ct
791 1719 1016 1748 illustrationem
1040 1721 1138 1748 harum
1164 1721 1281 1756 legum,
1304 1727 1375 1755 quae
1397 1718 1449 1747 etsi
1476 1717 1658 1754 simplicitate
1679 1726 1729 1746 sua
1753 1716 1830 1746 forte

322 1772 416 1800 minus
447 1772 577 1805 eluceat,
601 1770 674 1798 haud
698 1777 790 1797 tamen
818 1770 955 1799 minorem
983 1779 1067 1806 quam
1090 1770 1120 1799 in
1143 1777 1260 1800 caeteris
1281 1769 1365 1806 JCtis
1387 1768 1514 1799 inveniet
1537 1768 1581 1804 is,
1604 1768 1653 1804 qui
1679 1768 1828 1806 diligenter

321 1830 420 1850 eorum
445 1821 572 1849 laborem
595 1820 726 1850 conferre
752 1820 887 1849 voluerit.

799 1924 1358 1958 CONCLUSIO.

358 2028 405 2057 Ex
431 2027 474 2056 his
503 2027 590 2063 igitur
614 2029 747 2058 omnibus
768 2038 840 2065 quae
863 2029 1007 2067 diximus,
1035 2031 1155 2061 maxima
1182 2031 1280 2060 merita
1299 2029 1390 2059 fuisse
1408 2026 1582 2059 Gothofredi
1603 2034 1733 2063 constat,
1756 2034 1828 2063 quae

318 2080 345 2109 si
370 2088 428 2108 uno
459 2079 547 2108 verbo
573 2080 740 2109 contrahere
766 2081 907 2118 velimus,
929 2083 1082 2113 dicendum
1103 2083 1214 2113 videtur
1234 2083 1315 2112 illum
1338 2090 1435 2111 revera
1457 2082 1535 2117 leges
1555 2081 1609 2111 ΧΠ
1628 2079 1725 2109 Tabb‚
1746 2080 1831 2108 resti-

1759 2131 1831 2159 tuis-
