1930 2448
277 131 315 167 48
660 125 703 157 G.
781 124 1395 158 RUITENSCHILD

284 219 350 248 pag.v
373 209 406 238 61
429 216 496 244 sqq.
537 206 609 237 Vid.
631 216 719 245 porro
737 207 810 237 idem
827 208 857 238 in
874 208 995 239 Acroas.
1016 209 1051 238 ad
1069 209 1200 238 Ernestii
1214 209 1345 241 Institut.
1366 209 1477 248 Interp.
1506 209 1550 238 N.
1583 210 1615 239 T.
1639 212 1662 241 Ι.
1685 221 1714 248 ρ.
1734 215 1791 251 28,

286 271 334 299 54.
365 266 392 288 et
416 259 451 287 ad
476 259 544 287 haec
572 260 634 288 loca
660 259 813 289 Eichstcidt
840 268 907 296 pag.
933 262 968 297 58
997 269 1065 297 sqq.
1106 260 1172 290 Huc
1196 266 1224 289 et
1248 260 1396 297 pertinent
1415 262 1577 297 nonnulla,
1617 272 1686 298 quae
1716 264 1791 295 dicta

285 318 364 341 sunt.
395 310 432 340 C.
455 309 480 338 1.
511 310 541 346 §.
567 318 593 339 1.
624 310 702 340 Obs.
722 310 763 339 111
784 316 812 338 et
832 310 886 339 IV.

322 363 400 390 Haec
428 368 521 389 autem
550 369 613 388 cum
647 360 686 389 ita
711 360 788 397 sint,
810 360 893 389 etiam
917 369 1066 399 praecepta
1089 369 1156 392 sunt
1182 363 1337 398 tradenda,
1369 373 1440 399 qnae
1467 364 1643 393 observanda
1671 372 1738 395 sunt
1761 365 1793 395 in

283 417 413 445 locorum
436 421 522 441 sensu
549 413 687 441 eruendo.
719 413 826 442 Sensus
850 420 943 442 autem
968 414 1101 450 quoniam
1118 414 1250 442 universe
1276 414 1374 442 iisdem
1398 424 1428 443 ac
1451 415 1623 451 significatio
1651 416 1791 456 reperitur

282 464 439 501 subsidiis,
460 463 570 492 initium
591 461 637 491 hic
664 472 781 499 quoque
805 463 963 492 faciendum
980 471 1023 492 est
1045 473 1060 492 a
1079 463 1279 494 Grammaticis
1303 465 1481 500 rationibus,
1503 475 1562 494 non
1588 476 1656 494 vero
1676 476 1690 494 a
1711 467 1793 503 Dog-

282 516 411 552 maticis,
436 523 507 551 quae
531 523 685 550 numquam
721 516 799 543 solae
823 514 949 549 docent,
978 513 1046 550 quid
1078 520 1187 542 certum
1221 514 1269 544 sit.
1312 515 1354 544 Ita
1391 525 1420 544 v.
1443 525 1469 544 c.
1502 517 1529 544 in
1558 518 1622 545 loco
1650 517 1794 547 Proverb-

282 571 319 597 8:
342 576 390 604 24.
422 565 613 602 exponendo,
631 574 713 602 non,
735 572 767 594 ut
784 565 866 594 multi
888 564 1041 600 fecerunt,
1062 564 1242 601 Dogmaticis
1270 565 1471 603 indulgendum
1496 568 1655 596 rationibus
1671 589 1680 601 ⁷
1702 575 1790 604 atque

281 619 351 647 adeo
385 617 577 653 incipiendum
608 624 651 646 est
677 617 712 646 ab
748 617 804 652 iis,
837 625 909 652 quae
933 617 968 645 de
994 615 1068 646 Filio
1095 616 1149 645 Dei
1180 617 1330 646 traduntur
1356 618 1385 646 in
1422 619 1462 646 N.
1485 619 1524 648 T.
1563 620 1612 647 sed
1652 618 1790 654 loquendi

282 678 352 697 usus
381 668 541 697 Hebraicus
568 668 785 704 consulendus,
813 674 841 696 et
871 666 1043 696 conferenda
1070 674 1138 696 sunt
1169 669 1254 703 loca,
1289 668 1427 697 Proverb.
1453 677 1488 697 1:
1513 677 1561 697 ⁴20.
1597 678 1632 705 3:
1659 678 1714 704 19,
1737 677 1788 698 20.

282 710 357 749 unde
383 719 494 756 liquet,
511 718 550 747 ibi
575 728 633 747 non
653 718 759 755 exponi
785 718 918 752 modum,
941 726 999 753 quo
1020 718 1110 748 Filius
1138 719 1194 748 Dei
1224 719 1358 753 exsistat,
1388 721 1439 748 sed
1464 721 1703 756 prosopopoeiam
1727 728 1789 748 esse

285 772 495 800 assumendam.
528 771 597 799 Vid.
617 770 714 799 Dathe
730 777 758 799 et
773 769 929 799 Dddcrlct'n
941 771 974 798 ad
989 770 1019 799 h.
1034 772 1055 799 1.
1078 777 1106 799 et
1123 770 1202 800 Clar.
1220 770 1410 808 listmtt'nghe,
1432 770 1461 798 in
1477 770 1693 799 Introductionc
1708 759 1802 799 adin-⁴

282 822 513 859 terpretationem
537 821 678 858 Belgicam
702 822 788 860 hujus
804 821 894 857 libri,
916 830 946 857 p.
963 822 1001 850 60
1021 831 1090 858 sqq.
1122 822 1156 851 In
1175 823 1240 850 loco
1271 822 1344 859 1Jc.
1365 831 1401 858 5:
1425 831 1472 851 20.
1501 821 1525 850 si
1552 831 1663 851 sensum
1692 830 1792 850 cruere

285 874 416 910 cupimus
441 873 592 902 verborum
606 895 616 910 a
638 873 711 908 οὗτός
733 876 803 904 ἔστιν
828 875 841 904 ὅ
861 874 980 907 ἀληθινὸς
1004 874 1060 907 θεὸς
1084 874 1128 903 καὶ
1152 875 1166 908 ἡ
1184 875 1235 911 ζωὺ
1254 875 1378 909 αἰώνιος,
1402 882 1474 909 quae
1494 873 1629 908 omnino,
1652 873 1791 908 probante

280 924 422 961 Analogia
440 925 585 954 doctrinae
608 926 643 954 ad
660 925 758 964 Jesum
784 924 932 954 Christum
952 923 1055 954 Filium
1071 924 1128 955 Dei
1146 931 1214 954 sunt
1232 924 1378 954 referenda
1392 945 1401 959 ‚
1428 934 1487 954 non
1504 923 1695 960 incipiendum
1717 929 1760 951 est
1776 931 1792 951 a

282 977 462 1014 Dogmaticis
491 979 671 1015 rationibus,
693 979 743 1007 scd
765 987 780 1007 a
804 977 1016 1007 Grammaticis.
1057 976 1181 1005 Primum
1205 976 1292 1012 igitur
1314 975 1466 1004 videndum
1500 982 1560 1010 cst,
1591 983 1658 1004 num
1690 974 1719 1003 in
1748 973 1792 1010 ip-

283 1037 317 1057 so
345 1035 484 1058 commate
506 1029 622 1064 adsint,
645 1038 717 1064 quae
741 1029 858 1065 J'ubeant
881 1029 950 1056 hacc
979 1029 1014 1057 ad
1033 1027 1130 1063 Jesum
1156 1027 1305 1056 Christum
1332 1026 1466 1062 referre3
1499 1035 1557 1062 quo
1585 1027 1662 1054 facto
1695 1025 1791 1053 statim

282 1079 313 1109 in
339 1081 440 1108 oculos
462 1080 603 1115 incurrit,
624 1080 711 1108 verba
731 1080 816 1108 modo
833 1074 930 1108 notata
955 1077 1085 1114 proxime
1107 1078 1258 1106 adhaerere
1278 1077 1509 1106 antecedentibus
1522 1096 1532 1112 ,
1553 1083 1581 1105 et
1600 1075 1714 1104 auctori
1731 1081 1793 1104 tau-

281 1130 416 1167 tologiam
440 1130 529 1159 tribui
554 1130 602 1159 vix
629 1129 792 1165 ferendam,
821 1130 845 1159 si
863 1135 1069 1158 connectantur
1093 1137 1159 1157 cum
1183 1128 1328 1164 prioribus
1350 1135 1436 1163 atque
1454 1128 1489 1156 de
1510 1127 1573 1156 Deo
1597 1127 1732 1155 universe
1749 1125 1793 1155 in-

281 1181 463 1218 telligantur,
486 1180 535 1222 qui
548 1182 604 1218 jam
622 1181 716 1210 dictus
737 1187 794 1209 erat
818 1182 831 1210 ὁ
848 1181 987 1215 ἀληθινὸς;
1008 1188 1043 1208 ne
1057 1179 1204 1215 dicamus,
1224 1188 1292 1208 mox
1308 1179 1399 1207 addita
1411 1199 1421 1214 ‚
1441 1178 1488 1208 καὶ
1508 1179 1524 1212 ἦ
1542 1178 1594 1214 Cro&
1611 1178 1733 1213 ἀιώνιος,
1755 1186 1791 1207 ex

282 1233 350 1262 stilo
368 1232 489 1270 Joannis
511 1233 599 1269 magis
625 1233 744 1262 Christo
770 1232 937 1262 convenire.
979 1231 1080 1260 Conff.
1109 1239 1136 1260 c.
1162 1238 1195 1260 12
1216 1236 1243 1258 ct
1266 1239 1312 1266 13.
1335 1236 1363 1257 et
1392 1237 1429 1258 1:
1455 1238 1482 1257 1.
1513 1228 1542 1257 in
1569 1227 1728 1265 Euangelio
1751 1236 1789 1259 12

283 1293 314 1319 4.
349 1291 406 1317 14:
427 1284 444 1312 6
470 1283 606 1312 Similiter
636 1284 665 1313 in
695 1284 866 1321 explicando
897 1284 964 1311 loco
998 1281 1116 1311 Tit.2:
1140 1290 1186 1318 13·
1224 1289 1309 1316 supra
1334 1281 1388 1317 jam
1422 1278 1471 1307 cit.
1510 1278 1545 1308 ad
1577 1287 1693 1307 sensum
1731 1278 1792 1307 dic-

281 1341 377 1363 torum
410 1336 570 1373 ἔπιΦσινεΙαν
595 1340 642 1369 τῆς
673 1337 748 1370 δόξης
774 1338 822 1366 τοῦ
855 1335 981 1370 μεγάλου
1006 1335 1063 1363 θεοῦ
1099 1333 1145 1362 καὶ
1176 1336 1297 1367 Σωτῆρος
1330 1332 1404 1365 ἡμῶν
1432 1329 1518 1362 Ἰησοῦ
1552 1332 1687 1366 Χριστοῦ,
1719 1329 1790 1358 defi-

284 1385 440 1421 niendum,
470 1395 530 1415 non
563 1386 755 1422 incipiendum
783 1393 826 1415 est
853 1385 887 1413 ab
922 1384 1063 1419 Analogia
1094 1382 1241 1411 doctrinae
1270 1376 1469 1415 *consulendam
1500 1379 1554 1406 hoc
1581 1379 1654 1407 enirn
1685 1379 1709 1407 si
1735 1379 1789 1416 fit,

284 1435 482 1472 interpretatio
507 1443 615 1466 tantum
641 1436 812 1466 verosimilis
837 1435 954 1472 reperiri
975 1439 1096 1470 potest,
1117 1438 1193 1461 certa
1210 1435 1318 1467 vcro„>
1335 1431 1360 1459 si
1388 1429 1578 1459 Grammatice
1603 1429 1725 1466 primum
1750 1429 1794 1460 in-

284 1487 412 1523 quiratur
439 1487 520 1516 notio
549 1488 688 1524 phraseos
712 1488 873 1525 ἐπιφανείας
900 1488 946 1520 τῆς
969 1486 1058 1522 δόξης·

321 1541 391 1569 Post
410 1549 460 1576 ea,
485 1550 555 1576 quae
572 1541 647 1569 dicta
670 1548 737 1569 sunt
757 1543 782 1577 ς,
805 1548 901 1576 praec.
923 1538 1023 1566 Praec.
1042 1536 1068 1565 11
1089 1542 1117 1565 et
1137 1536 1191 1567 1V.
1214 1536 1261 1565 vix
1281 1543 1354 1572 opus
1374 1540 1418 1562 cst
1438 1541 1574 1568 monere,
1596 1539 1654 1561 tum
1667 1553 1678 1568 ‚
1696 1541 1786 1568 quan-

281 1591 319 1619 do
343 1590 551 1619 Grammaticae
577 1591 701 1619 rationcs
726 1591 794 1618 satis
812 1598 891 1617 certo
920 1596 1033 1617 sensum
1063 1587 1185 1623 docent,
1207 1587 1377 1622 Analogiam
1402 1584 1545 1612 doctrinae
1574 1592 1632 1612 non
1656 1591 1717 1611 esse
1737 1582 1787 1610 ad·

280 1641 440 1670 bibendam.
480 1642 521 1670 Ita
546 1641 730 1677 improbanda
758 1647 800 1668 est
824 1640 894 1668 ratio
922 1646 1040 1673 eorum,
1063 1638 1112 1672 qui
1145 1637 1174 1665 in
1197 1638 1261 1664 loco
1294 1644 1304 1663 1
1320 1636 1380 1664 Pet.
1402 1642 1436 1663 2:
1460 1642 1510 1670 25.
1544 1633 1684 1669 Analogia
1716 1633 1785 1660 doc-

282 1691 370 1721 trinae
395 1692 539 1727 adhibita,
560 1693 682 1728 probare
708 1692 881 1720 studuerunt
903 1689 990 1719 verba
1013 1688 1128 1723 ποιμίνκ
1153 1689 1198 1715 καὶ
1224 1687 1365 1715 ἐπίσκοπον
1389 1687 1443 1714 τῶν
1467 1686 1565 1720 ψυχῶν
1589 1684 1662 1718 ὑμῶν
1685 1682 1719 1710 ad
1737 1682 1787 1719 Je-

282 1751 344 1771 sum
371 1742 518 1771 Christum
551 1751 613 1771 esse
646 1742 808 1777 referenda,
840 1740 972 1777 quoniam
1000 1739 1119 1768 certiora
1146 1739 1272 1772 adsunt,
1303 1745 1375 1772 quae
1404 1736 1459 1764 hoc
1485 1736 1627 1769 doceant3
1651 1733 1784 1763 nimirum

281 1792 342 1828 ipsa
361 1793 553 1822 denominatio
575 1795 693 1830 ποιμένος
715 1800 742 1822 et
761 1795 851 1823 ἐπισκ.
873 1805 902 1822 τ.
916 1797 950 1830 ψ.
983 1790 1121 1819 articulus
1150 1789 1195 1817 his
1223 1787 1358 1821 acidum,
1382 1793 1409 1815 et
1434 1793 1494 1814 tota
1519 1785 1657 1814 orationis
1684 1784 1783 1813 series.

281 1842 344 1871 Nec
380 1844 408 1872 in
438 1845 532 1873 verbis
561 1847 596 1878 ὥς
624 1847 709 1881 πιστῷ
733 1850 846 1882 κτιστῇ,
877 1844 1016 1881 1Pet.4:
1042 1854 1090 1881 19.
1126 1842 1346 1879 interpretandis
1382 1840 1540 1869 adhibenda
1573 1846 1616 1868 est
1646 1837 1787 1874 Analogia

282 1899 447 1934 doctrinae,
468 1900 518 1928 sed
542 1899 747 1934 respiciendum
767 1899 933 1927 antecedens
956 1899 986 1927 τὸ
1011 1897 1116 1930 θέλημα
1135 1897 1179 1924 τοῦ
1204 1896 1280 1927 θεσῦ,
1302 1892 1376 1920 unde
1395 1891 1575 1920 manifestum
1596 1889 1649 1925 fit,
1672 1887 1785 1917 reticeri

283 1950 354 1985 ἆυτῷ
378 1951 423 1977 vel
445 1951 480 1986 τῷ
503 1952 566 1986 θεῷ,
594 1950 672 1985 quod
691 1958 741 1985 per
765 1947 1023 1984 breviloquentiam
1050 1955 1110 1975 non
1137 1944 1292 1980 repetitum
1317 1949 1374 1971 est.

322 2000 374 2028 Vt.
406 1999 449 2028 Ut
469 2008 639 2036 praecepto,
659 2000 692 2027 de
716 2008 827 2027 summo
855 1997 1107 2034 Grammaticarum
1125 1995 1266 2024 rationum
1292 1999 1456 2027 momento,
1480 1992 1533 2020 rite
1555 1992 1786 2026 obtemperetur,

285 2051 439 2079 cavendum
470 2057 532 2086 est,
561 2059 596 2079 ne
625 2059 721 2078 verum
751 2050 942 2079 existimemus
968 2059 1030 2079 esse
1058 2057 1197 2083 sensum,
1228 2054 1310 2082 quem
1328 2066 1338 2080 ‚
1367 2045 1495 2081 quamvis
1526 2042 1675 2072 conveniat
1708 2042 1786 2070 Ana·

286 2101 376 2139 legiae
397 2101 563 2137 doctrinae,
585 2102 671 2131 verba
703 2101 731 2131 in
755 2110 784 2130 se
808 2108 935 2138 spectata
965 2099 1203 2137 nonsrequirant.
1244 2097 1309 2127 Etsi
1327 2096 1400 2126 enim
1425 2096 1555 2125 lubenter
1579 2093 1787 2127 concedimus,

1724 2151 1791 2173 sen·
