1930 2448
289 93 313 129 (ς
757 87 1063 122 GERARDI
1118 87 1337 122 neuen

334 176 375 207 Et
401 182 480 207 nunc
508 174 622 213 quidem
645 172 719 206 nihil
741 173 927 212 praefandum
949 181 1103 212 superesse
1127 173 1263 210 videtur,
1285 180 1370 211 quam
1393 179 1426 204 ut
1447 172 1653 212 indulgentiam
1676 176 1806 208 benevo-

297 229 472 265 lentiamque
495 227 632 257 Virorum
649 226 910 256 celeberrimorum
924 246 934 262 ‚
951 225 1038 264 huJ'us
1060 224 1222 255 certaminis
1236 224 1389 264 judicum,
1411 225 1493 255 enixe
1515 234 1625 264 rogem.
1667 226 1808 258 Tractan-

298 282 349 312 dae
376 279 508 309 materiae
531 278 656 317 gravitas
682 285 768 315 atque
793 278 943 308 difficultas
969 278 1062 316 primo
1093 286 1138 307 me
1168 275 1406 312 absterruerunt,
1435 275 1574 313 imprimis
1601 285 1666 307 cum
1697 277 1808 315 cogita-

297 341 376 368 rem,
398 338 471 368 quot
498 331 657 368 quantique
683 330 740 360 viri
758 330 788 359 in
809 330 908 359 eodem
928 337 1097 367 argumento
1114 328 1238 358 fuissent
1258 328 1376 358 versati.
1417 327 1458 357 At
1473 336 1538 357 cum
1555 328 1626 358 mihi
1644 337 1808 366 repraesen-

296 391 381 413 tarem
414 383 498 412 Viros
527 381 740 413 Celeberrimos
764 391 824 413 non
849 383 961 420 exigere
987 391 1062 420 opus
1091 380 1225 412 omnibus
1251 378 1377 410 numeris
1406 379 1595 417 absolutum,
1625 387 1654 409 et
1679 382 1760 416 quale
1791 388 1808 410 a

297 442 433 464 veterano
457 434 486 464 in
515 434 606 464 literis
634 435 697 472 J'ure
723 434 783 473 peti
813 440 936 470 posset,
958 435 1009 464 sed
1034 436 1089 464 tale
1109 432 1205 470 potius
1231 432 1426 469 opusculum,
1459 431 1489 461 in
1513 440 1572 468 quo
1597 431 1808 462 conscribendo

296 486 401 515 virium
426 494 541 516 suarum
563 485 722 522 periculum
746 485 872 514 facerent
899 485 1042 521 studiosi,
1064 485 1190 515 animum
1207 492 1301 512 meum
1322 482 1513 518 confirmavi,
1534 489 1563 512 et
1584 483 1656 512 hanc
1681 484 1809 519 qualem-

295 545 412 574 cunque
436 537 714 567 dissertatiunculam
742 536 892 566 absolvere
922 542 1008 572 atque
1029 536 1140 574 judicio
1162 534 1360 566 nobilissimae
1380 533 1536 564 Facultatis
1568 533 1711 572 subjicere
1737 541 1809 563 con-

296 588 399 624 stitui,
420 597 480 618 nou
500 588 648 617 immemor
672 587 819 624 praecepti
840 587 952 616 Mureti
972 587 1070 625 (Vol.
1093 589 1118 618 Ι.
1148 596 1180 624 p.
1199 586 1257 623 486
1269 586 1307 623 >2
1351 605 1370 622 „
1389 586 1489 622 Atque
1507 584 1616 615 etiarnsi
1631 586 1710 615 nulla
1727 592 1809 621 prae-

298 658 316 676 „
337 638 393 668 mia
423 639 566 677 ejusmodi
594 637 686 669 literis
712 645 807 670 essent
830 638 1006 677 proposita,
1027 638 1090 677 ipsa
1113 638 1207 670 tamen
1235 636 1366 668 doctrina
1392 637 1507 668 amanda
1534 644 1578 667 est
1599 645 1652 675 per
1674 635 1740 668 se.”

1720 2062 1746 2092 C
1767 2062 1808 2090 A·
