1930 2448
403 109 632 144 RESPONSIO
661 120 703 141 AD
734 106 1042 149 QUAESTIONEM
1073 104 1370 139 THEOLOGIAM.
1604 114 1638 139 2'1

130 200 241 230 Graeca
265 205 381 234 quoque
409 197 452 226 N.
474 198 508 226 F.
540 196 686 228 dictione,
707 195 905 224 Hebraeorum
933 194 1166 222 consuetudinem
1192 192 1358 228 saepissime
1388 190 1547 226 referente,
1569 200 1636 227 pas-

131 254 185 282 sim
221 254 368 288 neglectae
399 250 566 279 subtilitatis
598 248 702 278 indicia
732 246 817 275 obvia
849 251 927 273 sunt.
968 244 1069 274 Veluti
1094 245 1142 282 JO.
1168 253 1218 273 10:
1244 246 1289 273 18.
1333 244 1406 272 Sane
1431 242 1518 271 verba
1545 242 1635 280 Jesu,

133 305 216 336 ιῦδεὶς
237 305 303 339 αἴρει
320 303 406 336 αὐτὴν
425 301 476 331 ἀπ’
500 303 565 335 ἐμοῦ
581 321 591 335 ,
613 299 680 330 ἀλλ’
704 299 757 333 ἐγὼ
783 299 870 333 τίθημι
889 298 974 330 αὐτὴν
991 296 1044 325 ἀπ’
1066 299 1185 332 ἐμαυτοῦ
1198 317 1206 331 ,
1230 304 1289 325 non
1306 295 1345 323 ita
1367 301 1434 324 sunt
1454 293 1636 330 accipienda,

135 364 168 384 ac
195 354 218 383 si
241 355 327 392 Jcsus
348 352 411 389 ipse
432 351 487 380 sibi
509 359 630 380 mortem
655 345 848 383 consciverit,
871 348 940 376 coll.
963 356 1009 375 vs.
1030 355 1060 376 11
1075 368 1085 382 ,
1111 356 1164 383 15,
1190 356 1236 383 17.
1277 346 1365 384 Quod
1382 346 1416 374 de
1435 345 1547 382 Judaeis
1567 345 1639 375 affin,

134 413 228 436 matur
258 405 306 441 Jo.
330 413 364 433 2:
389 411 446 439 23,
479 403 572 432 πολλοὶ
594 393 782 436 extenuem,
814 409 871 429 non
900 400 934 427 de
964 399 1040 434 fide,
1069 400 1119 428 sed
1152 399 1185 426 de
1221 398 1286 427 fidei
1313 396 1495 433 professione
1534 395 1640 425 intelli-

134 458 258 493 gendum
282 464 364 490 esse,
385 455 490 482 docent
517 462 563 482 vs.
586 462 634 489 24.
658 459 709 488 ας.
750 451 886 479 Similiter
915 449 1022 478 Muttli.
1047 452 1080 478 6:
1104 459 1162 485 25,
1187 458 1238 486 31,
1263 457 1311 485 34.
1341 456 1401 477 non
1433 448 1565 476 universe
1590 457 1639 476 cu—

136 517 182 537 ras
196 527 205 542 ,
228 507 278 535 sed
296 505 397 535 nimias
414 512 441 533 et
459 504 556 533 inanes
572 503 699 539 intendi,
717 509 833 539 apparet
854 511 868 529 e
886 501 1040 530 collatione
1055 509 1100 529 cc.
1117 510 1172 537 32,
1185 509 1231 537 33.
1254 506 1281 527 et
1297 505 1368 527 toto*
1378 505 1527 528 contexui.
1558 499 1642 528 Prac-

138 565 215 588 terea
240 557 333 586 videri
361 562 506 592 possunt,
539 554 648 583 2Tim.
675 563 708 590 3:
735 555 781 582 16.
812 553 882 581 coll.
910 561 937 580 c.
963 560 1009 589 15.
1046 553 1144 581 1Cor.
1167 559 1223 580 10:
1247 560 1304 587 32,
1328 558 1384 586 33,
1414 551 1483 578 coll.
1514 558 1577 578 cnm
1612 558 1640 579 c.

138 616 283 644 25—31.
311 615 363 636 nec
387 615 446 635 non
470 605 566 634 Marc.
589 607 621 634 8:
648 612 694 641 31.
744 602 836 633 Conf.
869 603 908 631 L.
933 604 966 632 C.
989 602 1199 631 Valckenarius
1221 602 1250 630 in
1269 602 1383 630 Schoiis
1401 602 1435 629 ad
1460 602 1527 630 Act.
1548 602 1587 630 II.
1616 609 1642 632 1.

178 659 216 687 B.
247 659 393 687 Auctores
417 657 496 686 Sacri
521 658 621 693 iique,
645 665 718 692 quos
745 657 900 690 loquentes
925 659 952 681 et
975 653 1139 689 Religionis
1164 661 1276 682 causam
1308 658 1484 688 exponentes
1510 651 1645 680 introdu-

139 716 263 744 xerunt,
285 709 314 738 in
335 709 465 737 docendo
490 709 524 737 ad
549 717 632 737 usum
655 707 685 736 in
711 706 770 736 vita
796 706 939 735 communi
968 713 1114 742 receptum
1145 715 1208 734 sese
1235 705 1498 733 accommodarunt.
1540 702 1645 739 Neque

139 763 213 792 enim
243 762 374 791 homines
405 768 513 790 tantum
537 760 644 797 ingenii
672 759 803 788 cultioris
830 764 858 786 et
881 758 930 793 qui
953 758 1061 786 artibus
1088 764 1114 785 et
1138 755 1300 792 disciplinis
1328 755 1422 784 omnis
1453 755 1563 792 generis
1598 760 1646 782 ex-

139 813 227 851 politi
244 820 358 849 essent,
379 813 430 842 sed
446 813 559 841 turbam
579 813 692 841 mixtam
716 812 876 847 aequalium
901 811 936 839 de
959 811 1045 839 rebus
1069 809 1173 839 divinis
1196 809 1425 843 admonuerunt,
1443 807 1472 836 id
1495 807 1525 837 in
1544 807 1645 844 primis

139 873 276 903 agentes,
308 872 340 894 ut
365 865 399 894 ab
425 865 652 902 imperitioribus
683 872 799 900 quoque
824 862 946 899 intelligi
969 868 1100 898 possent.

178 917 246 946 Huc
268 917 410 953 spectavit
430 925 501 945 usus
518 916 715 953 parabolarum
728 937 738 951 ‚
758 916 792 944 de
815 922 873 951 qno
891 915 951 946 vid.
974 914 1113 944 Classius.
1134 914 1213 944 Phil.
1236 914 1268 944 S.
1291 922 1326 942 ex
1343 912 1412 942 edit.
1434 913 1560 949 Dalm,
1580 920 1646 948 pag.

142 979 229 1006 1300.
252 976 279 998 et
304 969 339 1007 J.
364 969 396 998 C.
420 968 458 998 G.
479 969 600 998 Ernesti
625 969 655 997 in
680 968 846 997 Comment.
879 976 906 998 s.
933 966 984 996 cit.
1017 975 1083 1003 pag.
1107 975 1139 1003 27
1163 975 1251 1001 seqq.
1299 965 1345 993 Ex
1379 965 1476 993 studio
1505 964 1540 992 ati
1570 971 1649 991 com-

138 1029 255 1051 munem
279 1019 417 1057 loquendi
434 1029 518 1049 usum
542 1029 573 1049 se
596 1020 829 1049 accommodandi
852 1020 1034 1048 derivandum
1056 1025 1130 1053 ests
1140 1018 1219 1053 quod
1237 1018 1267 1046 in
1288 1015 1465 1052 exponendis
1483 1015 1568 1042 rebus
1586 1022 1649 1041 mv>-

139 1072 249 1101 ralibus
274 1072 341 1101 stilo
365 1072 516 1100 admodum
543 1071 662 1100 conciso
685 1072 776 1107 vulgo
808 1077 926 1100 utantur
951 1076 1082 1100 auctores
1108 1069 1203 1104 sacri⁷
1235 1077 1288 1098 nec
1319 1077 1383 1096 raro
1416 1075 1524 1103 corpus
1551 1066 1651 1094 huma-

139 1131 228 1158 num,
250 1123 420 1159 singulaque
443 1121 503 1150 fere
527 1120 660 1158 corporis
683 1120 799 1150 humani
824 1121 949 1150 membra
970 1122 1034 1150 Deo
1053 1121 1192 1149 tribuant.
1233 1119 1303 1149 Vid.
1336 1119 1414 1148 Gen.
1430 1120 1466 1147 6:
1489 1126 1518 1154 7.
1548 1116 1646 1145 Exod.

141 1182 194 1210 32:
221 1182 279 1210 13,
303 1183 350 1209 19.
392 1173 500 1201 2Sam.
519 1179 572 1208 24³
596 1174 643 1202 16.
671 1173 721 1202 Ps.
746 1174 821 1201 106:
842 1181 891 1208 45.
941 1171 988 1200 Eo
1021 1180 1140 1208 qnoque
1169 1170 1291 1199 consilio
1327 1170 1362 1198 iis
1389 1168 1571 1206 potissimum
1604 1168 1650 1195 usi

141 1231 210 1253 sunt
229 1223 421 1260 imaginibus,
445 1223 550 1259 quibus
569 1223 688 1252 maxime
710 1230 840 1252 assuetos
864 1223 971 1252 scirent
990 1223 1147 1252 auditores.
1187 1222 1258 1251 Vid.
1283 1221 1391 1250 Matth.
1417 1229 1471 1256 13:
1497 1228 1544 1250 11.
1575 1221 1646 1249 coll.

141 1283 209 1303 cum
235 1274 331 1303 Marc.
352 1283 389 1310 4:
413 1283 444 1303 11
461 1295 471 1310 ‚
492 1282 578 1311 atque
604 1276 634 1304 in
663 1275 762 1312 primis
780 1284 814 1303 ex
830 1275 966 1311 Epistola
987 1275 1021 1303 ad
1047 1275 1139 1303 Hebr.
1162 1273 1284 1310 plurima
1314 1281 1348 1302 ex
1371 1273 1427 1301 hoc
1450 1280 1551 1309 genere
1571 1272 1647 1300 loca.

139 1325 200 1355 Hic
221 1335 291 1354 vero
316 1325 410 1354 obiter
429 1326 650 1356 animadvertere
677 1327 783 1362 liceat,
805 1327 873 1355 haec
900 1327 974 1355 dicta
992 1327 1025 1355 de
1044 1327 1218 1362 scriptorum
1236 1323 1503 1353 accommodatione
1515 1323 1550 1351 ad
1566 1331 1650 1351 usum

142 1385 324 1406 communem
349 1386 410 1407 non
436 1387 494 1406 eam
519 1377 549 1407 in
577 1384 683 1414 partem
708 1374 841 1414 rapienda
867 1387 952 1413 esse,
974 1385 1006 1406 nt
1030 1386 1214 1412 sermonem,
1237 1377 1266 1405 in
1290 1375 1371 1404 libris
1399 1374 1486 1403 sacris
1509 1374 1648 1408 obvium,

141 1428 277 1457 humilem
309 1435 395 1465 atque
418 1429 578 1466 abjectum,
600 1430 634 1458 ab
663 1429 741 1458 omni
768 1435 844 1458 certe
869 1428 1006 1464 elegantia
1027 1430 1113 1464 longe
1137 1434 1278 1455 remotum
1299 1426 1480 1455 arbitremur.
1522 1426 1651 1454 Fuerunt

107 1487 115 1497 2
141 1478 391 1516 profecto,squi,
411 1481 551 1517 jactantes
569 1490 600 1510 se
625 1488 809 1509 monumenta
831 1479 941 1508 Graeca
959 1480 1167 1515 perlustrasse,
1190 1487 1302 1507 omnem
1323 1477 1405 1506 libris
1428 1476 1522 1505 Sacris
1545 1475 1653 1504 abnue-

142 1536 206 1558 rent
229 1530 415 1567 elegantiam3
437 1531 481 1560 illi
505 1540 574 1560 vcro
593 1533 640 1561 vel
666 1532 751 1569 genio
777 1531 876 1560 nescio
902 1540 960 1566 quo
989 1532 1062 1558 malo
1082 1529 1200 1558 fuerunt
1221 1529 1318 1565 ducti,
1342 1531 1387 1558 vel
1414 1528 1498 1557 alieni
1521 1528 1554 1556 ab
1575 1527 1654 1556 omni

140 1579 237 1615 pulcri
265 1589 378 1617 sensu,
407 1590 490 1617 quem
517 1582 694 1611 Graecorum
729 1589 913 1611 monumenta
945 1584 1018 1611 alere
1043 1590 1193 1617 procreare
1218 1589 1286 1609 vero
1314 1589 1373 1609 non
1399 1586 1536 1615 possunt.
1580 1578 1655 1616 Quis

145 1638 251 1666 quaeso
286 1631 317 1660 in
343 1633 468 1661 oraculis
498 1633 626 1670 jesaiae,
658 1633 825 1669 Habacuci,
853 1633 1004 1668 Naliumi,
1026 1632 1056 1661 in
1082 1631 1212 1668 plurimis
1239 1631 1304 1658 item
1331 1629 1504 1658 carminibus
1534 1628 1654 1657 Davidis

141 1680 323 1717 aliorumque
345 1680 497 1711 Poetarum
515 1691 644 1712 veterum
663 1684 880 1719 Hebraeorum,
903 1683 1032 1719 ipsisque
1051 1683 1212 1716 Mosaicis,
1233 1681 1323 1709 veluti
1348 1680 1436 1709 Dent.
1461 1689 1508 1716 32.
1539 1680 1585 1709 Ps.
1602 1688 1653 1716 90·

145 1736 174 1759 et
198 1731 401 1766 antiquissimo
423 1732 473 1761 illo
496 1739 583 1769 atque
608 1734 694 1763 unico
720 1735 750 1763 in
771 1743 825 1763 suo
855 1743 956 1770 genere
978 1735 1109 1770 poemate
1129 1732 1238 1769 Jobaeo
1261 1732 1401 1761 orationis
1429 1730 1595 1767 elegantiam
1627 1739 1655 1760 et

144 1782 349 1811 sententiarum
382 1783 586 1812 sublimitatem
609 1785 776 1814 desideret?
817 1786 852 1814 In
875 1785 1055 1814 orationibus
1082 1785 1174 1822 Jesn,
1199 1783 1290 1813 veluti
1316 1789 1448 1811 montana
1471 1783 1519 1810 illa
1544 1782 1654 1811 Matth.

144 1832 298 1862 V-—VH.
321 1840 407 1870 atque
426 1832 535 1863 eximiis
562 1835 620 1864 illis
643 1836 844 1872 sermonibus,
869 1845 943 1871 quos
957 1835 1083 1873 Joaunes
1100 1835 1209 1872 scripto
1234 1833 1416 1871 consignavit
1438 1834 1552 1870 Euang.
1582 1833 1656 1868 Cap.

145 1884 229 1913 XIV.
253 1891 280 1912 et
299 1894 386 1921 seqq.
416 1886 572 1922 multisque
602 1895 667 1915 cuin
694 1894 715 1916 ε’
735 1888 816 1916 Luca
837 1885 947 1916 traditis
972 1894 1032 1916 tum
1056 1887 1085 1916 in
1116 1887 1186 1923 ipsis
1210 1882 1291 1915 Pauli
1318 1884 1461 1921 Epistolis
1491 1883 1585 1912 obviis
1604 1883 1659 1911 liu-

144 1936 193 1972 ]'us
216 1935 288 1964 tanti
308 1935 363 1965 viri
386 1936 498 1973 effatis,
519 1945 603 1966 nemo
622 1946 682 1966 non
704 1938 824 1975 peritior
846 1939 935 1976 judex
957 1938 1198 1974 exquisitissimae
1220 1936 1354 1965 dictionis
1381 1935 1489 1964 lumina
1512 1942 1539 1963 et
1563 1934 1655 1962 omni-

101 1984 104 1986 ’
148 1994 188 2015 no
213 1986 463 2023 incomparabilem
491 1989 685 2024 eloquentiam
710 1990 863 2019 admiratus
886 1997 941 2019 est.
984 1990 1040 2019 Sed
1064 1989 1099 2018 ab
1129 1989 1185 2017 hoc
1213 1987 1384 2017 diverticulo
1409 1987 1439 2016 in
1467 1986 1542 2016 viam
1565 1993 1660 2014 rever-

149 2043 254 2066 tamur.
588 2074 592 2079 .

189 2088 227 2118 G.
251 2089 413 2126 Scriptores
439 2089 495 2127 ipsi
520 2090 666 2121 maximam
692 2099 801 2129 partem
828 2092 946 2123 fuerunt
977 2092 1108 2121 homines
1133 2091 1258 2129 plebeji,
1279 2089 1523 2127 Philosophorum
1543 2086 1658 2117 Scholis

1011 2144 1036 2173 C
1058 2151 1079 2179 3.
1604 2145 1664 2167 non
