1930 2448
8 2013 26 2211 3,

361 121 590 154 RESPONSIO
619 129 662 152 AD
693 119 1005 161 QUAESTIONEM
1033 121 1312 155 LITERARIAM.
1558 132 1598 164 '39

76 211 136 242 mn
159 205 313 244 occupavit
332 206 431 244 (46).
472 206 512 236 Et
532 205 556 235 si
581 205 658 235 forte
685 204 754 241 quis
782 210 887 241 putet,
908 205 1003 235 ambas
1031 207 1225 238 Bibliothecas
1252 202 1287 238 eo
1310 204 1441 245 tempore
1462 209 1599 238 combus⁴

78 266 121 288 tas
139 257 230 287 fuisse
241 279 252 294 ,
274 258 369 288 nitens
387 259 454 287 Ioco
473 257 615 287 Ammiani
632 255 796 286 Marcellini
818 256 925 294 (47),
948 257 994 286 hic
1012 261 1178 289 recordetur
1194 269 1312 289 necesse
1329 267 1373 290 est
1385 282 1395 296 ‚
1419 268 1521 296 quanta
1538 268 1598 289 sae*

77 321 113 349 pe
129 311 218 341 fuerit
241 319 302 341 tum
329 318 459 341 veterum
486 312 660 348 scriptorum
683 319 745 340 tum
768 310 971 347 librariorum,
999 310 1029 340 in
1050 312 1178 341 numeris
1197 314 1244 340 vel
1261 313 1461 349 computandis
1483 315 1529 341 vel
1547 313 1595 340 de—

77 363 258 403 scribendis,
283 363 457 401 negligentia
478 365 539 399 (48
555 364 581 400 ).

114 415 154 445 Et
176 425 252 445 nunc
279 416 392 451 quidem
413 415 608 444 Bibliothecae
629 414 686 444 fata
706 423 799 451 usque
823 414 858 443 ad
881 415 1032 444 Caesarem
1057 420 1226 450 persecutus
1247 422 1309 443 esse
1331 414 1402 442 mihi
1422 414 1543 452 videor;
1565 415 1595 444 in

72 467 164 496 altero
183 467 272 504 igitur
291 467 385 504 capite
407 467 493 505 hujus
510 466 659 496 historiam
679 467 789 496 tradere
810 466 938 495 conabor
961 474 1055 503 usque
1071 467 1106 496 ad
1122 473 1254 504 tempora
1276 466 1493 496 Saracenorum.
1582 460 1585 461 ⁷

326 751 653 793 CAPUT
753 751 1347 801 SECUNDUM,

156 878 315 901 HISTORIA
336 878 582 900 BIBLIOTHECAE
606 877 866 900 ALEXANDRINAE
887 878 908 900 A
930 877 1077 901 CAESARE
1099 878 1208 908 USQUE
1231 879 1273 900 AD
1295 879 1500 902 SARACENOS.

71 990 205 1070 Quam
228 1023 440 1061 deploravimus
463 1022 593 1051 materiae
610 1022 736 1059 inopiam
764 1023 794 1052 in
817 1023 1028 1053 conscribenda
1049 1023 1140 1060 prima
1162 1029 1243 1060 parte
1265 1024 1352 1061 hujus
1371 1023 1529 1058 historiae,
1552 1028 1597 1054 ea-

68 1074 135 1112 dem
162 1082 284 1109 quoque
299 1073 328 1102 in
352 1074 404 1102 hac
428 1074 553 1102 secunda
577 1081 658 1110 parte
672 1083 727 1104 nos
753 1075 858 1112 premit
878 1096 889 1109 ‚
920 1081 948 1104 et
970 1083 1037 1103 cum
1059 1083 1124 1103 raro
1152 1073 1202 1102 fiat
1224 1074 1332 1103 mentio
1359 1074 1556 1103 Bibliothecae
1579 1083 1595 1103 a

70 1124 267 1162 ‘scriptoribus
292 1125 354 1162 ejus
373 1125 514 1161 temporis
530 1146 540 1161 ‚
563 1134 621 1161 quo
646 1126 799 1162 Aegyptus
822 1135 838 1155 a
863 1125 1034 1156 Ptolemaeis
1055 1125 1206 1162 regebatur
1219 1144 1230 1161 ‚
1252 1125 1345 1154 rarius
1364 1126 1456 1154 multo
1486 1133 1595 1154 memo-

66 1182 172 1212 ratur,
193 1185 228 1205 ex
247 1185 304 1212 quo
326 1176 394 1205 haec
415 1176 495 1213 regio
515 1176 665 1212 provincia
688 1176 763 1206 facta
787 1184 831 1206 est
855 1177 973 1214 Imperii
997 1176 1133 1206 Romani.
1175 1175 1233 1204 Vix
1256 1175 1286 1204 in
1309 1176 1456 1205 historicis
1483 1176 1593 1212 primo-

68 1235 134 1256 rum
154 1234 269 1256 nostrae
292 1235 372 1256 acrae
404 1227 606 1263 saeculorum,
636 1227 722 1256 series
753 1228 900 1257 invenitur
934 1227 1064 1265 gravium
1091 1226 1356 1263 miserabiliumque
1388 1234 1543 1256 eventuum
1565 1234 1594 1256 et

63 1278 315 1315 conversionum,
347 1277 454 1314 quibus
474 1277 537 1307 Aeo
521 1285 629 1315 gyptus
654 1278 757 1315 agitata
781 1278 856 1315 fuit;
887 1285 937 1315 et,
959 1278 984 1307 si
1009 1278 1044 1306 de
1066 1277 1206 1314 operibus
1231 1285 1319 1315 atque
1337 1277 1479 1308 institutis
1500 1278 1594 1315 litera-

66 1328 120 1358 riis
140 1329 325 1366 quaerimus,
354 1328 489 1358 chronica
513 1330 668 1359 Caesarum
689 1330 792 1359 horum
817 1329 924 1359 nullibi
949 1329 1162 1366 meminerunt,
1184 1329 1241 1359 nisi
1266 1329 1316 1358 ubi
1342 1329 1379 1358 ad
1405 1329 1593 1367 magnificen-

65 1379 134 1409 tiam
152 1388 184 1409 ac
205 1380 325 1417 gloriam
347 1381 557 1416 Imperatorum
576 1380 755 1410 referuntur.
1246 1375 1248 1378 ’

106 1428 154 1459 Ex
176 1430 287 1459 duabus
304 1431 414 1468 magnis
439 1431 653 1470 Bibliothecis,
676 1441 747 1469 quae
767 1441 783 1462 a
801 1432 972 1463 Ptolemaeis
995 1432 1128 1462 conditae
1153 1438 1254 1469 erant,
1284 1434 1377 1463 altera.
1397 1433 1513 1464 incensa
1536 1433 1593 1464 fuit

1577 1493 1594 1515 a

64 1558 257 1601 quadringenta
283 1565 366 1591 millia
398 1566 529 1592 librorum
565 1566 696 1599 proximis
728 1566 802 1593 forte
836 1565 946 1594 aedibus
977 1568 1084 1595 condita
1114 1567 1233 1594 exussit:
1288 1567 1370 1593 conf.
1394 1567 1501 1593 omnino
1534 1566 1594 1592 Plu-

66 1614 148 1642 tarch.
173 1614 199 1639 in
217 1614 331 1639 Caesare
356 1620 384 1645 p.
398 1619 459 1646 731.
485 1619 511 1639 et
535 1614 725 1640 celeberrimus
743 1614 892 1646 Prideaux,
910 1615 1024 1641 Histoire
1041 1616 1083 1642 des
1098 1614 1191 1648 Jmfi,
1202 1614 1246 1647 qui
1267 1612 1388 1640 dilucide
1405 1614 1522 1647 probat,
1549 1609 1594 1639 Βῖ-

65 1659 229 1686 ‘bliothecam
251 1660 373 1692 Serapaei
390 1660 553 1686 combustam
576 1668 629 1686 non
654 1660 739 1687 fuisse
761 1667 883 1695 tempore
903 1662 1036 1689 Caesaris.

100 1706 185 1740 (46)
208 1707 269 1733 Vid.
289 1707 394 1732 Bellum
413 1706 543 1733 Alexand.
566 1715 653 1735 c.12.

100 1752 188 1788 (47)
212 1751 342 1779 Ammian.
361 1753 488 1779 Marcell.
516 1754 535 1780 l.
553 1753 640 1781 XXII.

99 1798 185 1833 (48)
209 1799 295 1832 Hujus
322 1800 501 1833 negligentiae
520 1800 596 1832 plura
621 1802 738 1834 exempla
760 1800 868 1827 adferre
892 1808 944 1827 non
971 1800 1083 1827 difficile
1107 1805 1188 1826 esset.
1223 1799 1297 1825 Haec
1316 1799 1424 1832 quidem
1445 1799 1589 1826 sufficiant:

63 1842 152 1873 *Aulus
173 1843 277 1872 Gellius
291 1853 370 1879 agens
386 1846 419 1872 de
438 1847 622 1879 Bibliotheca,
640 1849 722 1879 qualis
738 1841 791 1873 fuit
812 1848 932 1874 incendii
950 1854 1089 1880 tempore,
1107 1848 1200 1879 80‚000
1218 1847 1300 1872 libros
1319 1848 1344 1872 in
1363 1847 1405 1873 illa
1421 1839 1507 1873 fuisse
1525 1847 1592 1873 dicit

38 1892 128 1926 (Ν.
139 1893 172 1920 A.
180 1893 228 1919 vl.
240 1899 280 1925 17.
292 1891 307 1927 )
326 1893 477 1919 Ammianus
494 1895 687 1926 Marcellinus,
705 1902 766 1928 700,
768 1902 817 1920 000
836 1896 861 1920 in
880 1897 940 1921 solo
955 1896 1072 1928 Serapeo
1089 1894 1173 1920 fuisse
1192 1892 1268 1925 dicit,
1283 1895 1309 1919 in
1326 1900 1379 1927 qua
1394 1895 1592 1928 computatione

68 1939 219 1965 iuculenter
238 1939 319 1965 falsus
344 1946 392 1966 est.
416 1941 489 1973 „sic
508 1948 616 1982 quoque
641 1949 671 1967 ce
674 1942 726 1969 leb.
745 1941 852 1974 Lipsius
870 1942 895 1966 in
911 1943 1018 1975 syntag.
1037 1941 1069 1967 de
1085 1942 1155 1969 Bibl.
1174 1947 1234 1974 cap.
1246 1949 1272 1967 2.
1289 1940 1339 1973 jam
1355 1938 1491 1971 ostendit,
1511 1940 1594 1965 Isido-

49 1977 127 2011 ”i’um
149 1982 281 2012 dicentem
305 1989 470 2020 septuaginta
491 1987 574 2014 millia
602 1989 725 2015 liba-orum
753 1988 950 2021 Alexandriae,
975 1987 1165 2015 emendandum
1187 1994 1268 2022 esse,
1287 1987 1480 2022 legendumque
1499 1989 1592 2021 sepim-

56 2027 145 2069 &ensa
162 2033 245 2059 millia
264 2037 318 2061 etc.

860 2095 926 2126 C2
