1930 2448
294 126 312 157 6
653 121 682 161 J,
742 120 786 152 N.
847 129 913 152 vim
975 120 1445 154 PUTTKAMMER

849 205 876 242 S.
898 213 925 236 2.
965 203 1012 233 De
1033 204 1128 234 Linea
1149 204 1253 235 Recta.

334 271 425 300 Series
454 273 627 306 punctorum
651 268 679 298 in
698 268 771 298 linea
796 274 871 298 recta
897 268 993 305 posita
1016 274 1121 298 rectam
1145 268 1251 304 efficit,
1272 277 1430 306 eorumque
1455 276 1628 306 punctorum
1646 271 1801 308 projectio-

293 332 342 352 nes
380 330 468 358 supra
500 321 697 357 quodcunque
723 320 952 350 coordinatarum
987 321 1102 357 pianum
1135 320 1164 349 iii
1191 320 1264 348 linea
1289 327 1363 349 recta
1390 327 1468 350 sunt:
1495 321 1617 359 planum
1645 321 1802 360 projiciens

297 375 403 403 dicitur
427 373 499 402 illud
519 373 636 409 planum
665 372 744 408 quod
767 378 866 401 omnes
888 373 952 402 illas
977 372 1170 410 projectiones
1192 371 1314 408 recipit,
1346 377 1373 401 et
1392 372 1534 410 projectio
1563 378 1660 402 rectae
1680 378 1802 403 vocatur

294 425 460 455 intersectio
481 432 547 453 cum
578 425 665 460 plano
685 424 869 454 coni-dinato.

332 477 373 504 Ut
410 476 499 512 igitur
529 480 632 504 rectam
659 483 870 512 cognoscamus
898 474 1090 513 projectiones
1123 482 1191 504 suae
1222 481 1310 511 supra
1341 474 1424 511 plana
1461 473 1630 503 coordinata
1669 474 1802 511 cognitae

295 536 357 557 esse
381 527 494 556 debent.
929 530 931 532 ’

334 579 377 608 Sit
397 579 493 615 itaque
513 576 587 615 (fig.
608 577 667 616 4.)

775 613 825 643 ΑΡ
847 623 855 645 :
877 613 936 643 ΡΜ
955 623 992 641 =
1011 613 1071 643 Sin.
1088 625 1109 645 οι
1129 622 1139 643 2
1163 613 1235 645 Cos.
1253 626 1274 645 σι

792 701 814 721 x
853 675 935 721 εἴ
959 690 1139 721 :Sin.oe:
1162 688 1274 721 Cos.x

1274 746 1305 753 γ...

1041 762 1102 792 Sin.
1120 774 1140 792 κ

1040 812 1140 841 Cosa

956 869 1033 890 =z
1055 860 1186 898 Tang-oa
1211 861 1293 899 (1).

807 787 897 825 igitur
916 796 937 817 x
956 796 992 815 =
1011 797 1028 816 z

292 906 353 936 sive
377 904 402 934 si
425 911 478 941 pio
499 901 594 939 Tang.
613 914 633 933 οι
652 906 778 940 ponatur
802 910 824 930 a

885 960 907 980 x
926 961 964 980 =
982 959 1021 980 az
1033 971 1044 987 ,
1084 960 1103 988 gy
1123 959 1158 978 =
1177 950 1234 987 bz,

291 1016 363 1044 quae
388 1012 457 1036 sunt
485 1005 669 1041 aequationes
697 1003 911 1041 projectionum
936 1010 1026 1039 supra
1046 1002 1132 1038 plana
1153 1011 1193 1032 xz
1214 1007 1242 1031 et
1257 1010 1297 1039 ,γε
1315 1001 1341 1031 si
1358 1001 1432 1031 lInea
1458 1008 1507 1036 pei·
1526 999 1662 1036 originem
1680 999 1708 1029 A
1727 1005 1804 1030 tran·

293 1060 347 1087 sit:
371 1058 422 1087 sed
448 1057 473 1086 si
498 1065 549 1095 pei
572 1057 648 1085 iliam
676 1063 736 1085 non
757 1059 879 1084 transeat
900 1052 974 1092 (fig.
989 1053 1032 1090 5)
1053 1052 1188 1082 distantia
1209 1053 1245 1082 ab
1265 1052 1375 1089 origine
1400 1052 1571 1090 exprimitur
1595 1059 1647 1088 pei·
1664 1063 1684 1082 a
1700 1052 1744 1081 vel
1758 1053 1803 1087 β,

293 1110 330 1138 ita
351 1116 384 1138 ut
405 1109 444 1137 sit
1205 1142 1209 1143 ⁷

765 1144 1018 1180 x=az÷oe‚
1055 1143 1302 1181 y=bz÷ssz

294 1205 367 1233 quae
391 1196 605 1234 projectionum
624 1195 806 1232 aequationes
825 1195 909 1236 etiam
931 1193 996 1223 illae
1014 1199 1084 1223 sunt
1107 1201 1201 1224 tectae
1225 1195 1334 1230 lineae,
1354 1194 1440 1232 cujus
1467 1192 1578 1231 positio
1605 1201 1621 1222 a
1639 1191 1801 1223 constanti-

293 1250 349 1278 btis
369 1261 411 1284 α,
431 1250 475 1284 β,
496 1257 534 1282 a,
555 1247 572 1276 b
600 1247 717 1284 pendet.

334 1300 525 1328 inveniuntur
549 1298 733 1328 coordinatae
756 1302 932 1334 punctorum
956 1295 1007 1325 ubi
1031 1302 1107 1326 recta
1135 1296 1208 1326 linea
1242 1296 1344 1325 transit
1370 1304 1421 1332 pei·
1449 1295 1503 1324 tria
1535 1296 1619 1332 plana
1642 1294 1801 1331 {rectangm

294 1351 362 1380 laria
385 1350 411 1379 si
437 1357 582 1387 ponamus

501 1426 508 1432 ·
841 1395 859 1415 z
879 1393 916 1413 τ.-
932 1392 973 1420 0,
1010 1394 1030 1422 y
1049 1395 1087 1413 =
1104 1393 1142 1421 0,
1182 1395 1203 1415 x
1222 1395 1258 1413 =
1275 1393 1295 1414 0

294 1436 357 1456 iiam
379 1432 447 1456 tunc
470 1433 524 1456 erit

442 1488 464 1507 x
482 1487 518 1505 ε
536 1489 578 1511 σε,
737 1484 756 1513 gy
774 1483 810 1502 =
828 1476 850 1511 β
934 1482 989 1511 pro
1006 1474 1221 1504 intersectionis
1240 1480 1351 1511 puncto
1378 1474 1407 1503 in
1423 1475 1540 1510 planum
1562 1482 1612 1509 xy.

560 1530 582 1563 β
773 1528 815 1560 (ιβ

424 1561 442 1580 z
460 1561 496 1579 =
516 1566 605 1586 —-,
633 1559 653 1578 x
671 1559 707 1578 =
726 1566 763 1573 —
777 1569 814 1601 ἶ-
836 1551 874 1588 4-
891 1561 910 1580 οι
939 1558 992 1586 pro
1014 1548 1224 1578 intersectionis
1242 1556 1354 1585 puncto
1374 1548 1401 1577 in
1419 1549 1535 1583 planum
1556 1555 1608 1575 xz.

567 1576 583 1603 b

563 1637 583 1656 σε
785 1624 822 1654 αὖ
1017 1648 1022 1653 .
1154 1646 1159 1651 .
1206 1646 1212 1652 .
1376 1646 1382 1652 .

423 1659 442 1679 z
462 1658 498 1678 =
519 1663 604 1702 -ἇ,
638 1658 657 1687 y
676 1658 711 1676 =
731 1662 767 1669 -·
786 1665 817 1701 -a-
842 1648 879 1686 -Ι-
895 1649 917 1685 β
945 1656 998 1684 pro
1016 1652 1228 1676 intersectionis
1247 1653 1359 1684 puncto
1376 1655 1405 1676 in
1427 1647 1542 1683 planum
1562 1655 1602 1683 yz
1624 1645 1703 1683 (2).

945 1735 1049 1764 Problc
1053 1745 1077 1764 m
1082 1741 1111 1764 a!
1114 1744 1145 1767 a.

1030 1812 1056 1842 Ι.

333 1879 462 1909 Invenire
489 1878 673 1915 aequationes
698 1877 787 1907 lineae
817 1882 910 1907 rectae
944 1885 1016 1912 quae
1042 1876 1145 1905 transit
1175 1883 1226 1913 pet
1247 1880 1389 1912 punctum
1417 1874 1516 1903 datum
1546 1879 1572 1902 et
1601 1872 1732 1908 paraiieia
1757 1879 1800 1900 est

293 1931 381 1960 lineae
400 1931 500 1966 datae,
521 1931 605 1967 cujus
625 1929 810 1966 aequationes
834 1934 922 1958 sunt:

326 2051 362 2082 (i
377 2050 391 2084 )
409 2051 469 2078 Vid.
487 2051 514 2080 J.
533 2051 566 2078 H.
584 2057 635 2076 van
655 2050 788 2082 Swimz'cv⁹
808 2051 1031 2083 Grondheginselen
1054 2050 1099 2075 der
1119 2047 1287 2078 Mecstzmde,
1307 2047 1370 2071 Viii
1390 2047 1463 2071 Book
1488 2053 1517 2078 35
1534 2045 1646 2071 Voorst.
1671 2044 1725 2069 No.
1745 2050 1801 2069 120.

325 2096 389 2130 (2)
406 2097 465 2125 Vid.
486 2097 591 2131 lilauge,
611 2106 633 2125 a.
650 2098 668 2125 l.
688 2105 747 2130 pag.
761 2105 785 2132 3.
820 2098 900 2130 B1'of,
918 2098 944 2131 §.
960 2106 995 2131 24
1013 2103 1038 2123 et
1055 2097 1098 2122 28.
1131 2096 1289 2124 ancocur,
1314 2094 1336 2123 ς.
1353 2095 1412 2125 624.
