1930 2448
256 103 296 132 20
661 89 702 120 G.
781 81 1410 118 RUIT'ENSCHILD'

253 181 399 211 librorum
420 183 566 208 saelorum
591 173 685 202 eadem
709 171 815 201 sentire
835 169 937 199 debeie
950 189 960 204 ‚
984 176 1055 204 quae
1077 167 1106 197 in
1129 167 1249 204 singulis
1269 166 1342 196 locis
1364 165 1506 195 senserint
1527 173 1659 197 auctores
1675 171 1770 207 sacri,

260 235 322 271 ejus
351 240 439 268 ergo,
462 229 512 265 qui
539 227 581 256 N.
605 227 639 255 F
662 226 886 260 interpretetur,
908 228 971 249 esse
995 219 1137 254 officium,
1160 225 1192 247 ut
1214 218 1335 247 sublime
1359 225 1388 246 et
1413 218 1541 246 diuinum
1569 219 1661 255 illud,
1693 221 1773 256 quod

259 284 292 315 in
313 284 383 321 Jesu
411 287 440 310 et
458 277 613 316 Apostolis
639 278 768 311 eluceat,
798 275 861 311 ipse
886 271 1094 309 persentiscat,
1116 280 1202 307 seque
1227 271 1262 299 ad
1284 270 1430 307 fastigium
1450 269 1521 298 illud
1546 270 1627 306 quasi
1647 271 1771 309 evehat;

261 335 312 372 qui
331 334 356 363 si
377 332 450 361 desit
475 338 598 364 sensus,
621 328 715 357 omnia
737 328 766 356 in
790 327 833 355 his
850 325 931 354 libris
951 323 1077 353 tenebris
1096 331 1158 351 esse
1178 321 1372 358 circumfusa,
1394 328 1493 350 contra
1513 320 1599 349 sicui
1619 323 1770 360 obtingat,

261 385 356 415 omnia
382 384 551 412 illucescere
577 389 605 409 et
629 381 693 409 luce
717 377 868 406 meridiana
892 376 995 406 clarius
1017 383 1124 412 patere.

299 438 341 466 At
368 436 521 464 observare
546 433 648 467 liceat,
680 429 822 459 Starkium
851 428 936 457 nobis
968 427 1059 457 videri
1084 427 1114 456 in
1140 427 1212 455 hanc
1243 435 1301 455 rem
1330 428 1418 455 multa
1443 427 1609 462 postulare,
1638 426 1673 454 ad
1700 434 1775 462 quae

261 488 414 518 escendere
434 485 520 515 nobis
544 483 711 512 hominibus
737 489 796 510 non
819 481 916 508 datum
939 479 998 514 sit,
1028 487 1118 514 caque
1141 479 1344 514 confundere,
1375 487 1447 514 quae
1472 478 1680 507 diversissimae
1705 485 1776 508 sunt

261 547 390 571 naturae.
442 536 659 570 concedimus,
687 534 826 563 nonnulla
855 540 974 566 eorum,
1003 539 1074 566 quae
1099 530 1357 566 commendaverit,
1386 530 1541 566 plurimum
1575 529 1712 566 prodesse
1742 529 1778 558 ad

258 591 426 628 religionem
448 590 519 625 Jesu
537 594 614 616 tecte
635 584 846 622 percipiendam
865 590 892 611 et
909 583 945 611 ad
962 590 1045 610 usum
1067 581 1142 611 vitae
1161 588 1237 610 recte
1256 581 1463 617 adhibendam3
1486 581 1535 610 sed
1555 582 1589 609 ad
1608 581 1780 617 interpreta-

261 644 369 673 tionem
388 640 488 669 eximie
506 640 545 668 ita
563 639 666 667 dictam
680 638 735 666 hoc
753 634 950 665 tantummodo
970 634 1097 670 requiri,
1123 640 1155 662 ut
1172 633 1384 661 Grammaticus
1411 632 1553 661 dictorum
1578 641 1679 661 sensus
1700 631 1781 661 inda·

265 702 366 732 getur,
389 691 462 720 infra
486 690 659 720 videbimus.
701 687 815 726 Quodsi
832 694 947 715 sensum
970 685 1156 722 religiosum,
1178 684 1277 714 nescio
1298 692 1405 718 quem,
1427 690 1571 710 summum
1592 682 1622 710 in
1639 682 1780 718 interpre-

262 746 351 774 tando
379 744 516 773 arbitrum
540 741 767 775 constituimus,
798 739 893 768 statim
916 745 970 766 nos
992 737 1089 765 eadem
1114 744 1177 764 cum
1205 734 1304 771 legatis
1332 733 1438 763 divinis
1467 733 1574 762 sentire
1598 731 1629 761 in
1651 732 1778 761 animum

262 795 447 831 inducimus,
470 794 634 829 nubemque
652 801 705 829 pro
721 791 837 828 Junone
855 788 1077 825 amplectimur,
1097 795 1150 816 nec
1180 795 1262 815 secus
1281 793 1366 822 atque
1385 785 1426 814 illi
1449 785 1618 821 interpretes
1643 784 1780 820 antiqui,

265 846 336 882 qui,
358 854 422 875 sese
443 844 554 881 Spiritu
578 844 677 873 divino
694 849 848 878 correptos
875 840 1007 877 opinati,
1029 848 1064 867 ex
1087 837 1191 874 quovis
1217 837 1352 874 quidvis,
1373 845 1429 866 nec
1448 845 1510 865 raro
1535 835 1715 872 ineptissima
1738 835 1783 865 in-

264 897 341 935 genii
367 896 466 925 deliria
493 905 508 925 e
536 896 622 924 Sacra
650 894 799 930 Scriptura
825 892 1009 927 elicuerunt,
1039 890 1174 919 miserum
1199 890 1230 919 in
1253 890 1370 919 modum
1400 889 1432 919 in
1457 889 1519 919 avia
1546 897 1578 918 ac
1603 887 1685 916 devia
1707 887 1782 917 abri-

262 947 372 985 pimur·

303 999 336 1027 Id
358 998 471 1034 quidem
487 997 555 1026 satis
578 997 671 1033 egisse
689 995 775 1025 nobis
799 995 951 1028 videmur,
980 999 1013 1022 ut
1030 992 1225 1029 intelligatur,
1247 993 1323 1022 dicta
1341 993 1377 1021 de
1398 991 1545 1021 Historica
1571 990 1785 1028 interpretatioe

265 1057 305 1079 ne
329 1057 384 1077 nos
411 1055 592 1082 nequaquam
623 1055 681 1074 eam
707 1046 737 1074 in
760 1051 868 1081 partem
898 1043 990 1079 accipi
1014 1045 1108 1078 velle,
1139 1050 1172 1072 ut
1202 1045 1248 1072 vel
1271 1052 1335 1072 cum
1362 1043 1397 1070 iis
1420 1042 1514 1071 facere
1535 1042 1703 1077 videamur,
1731 1043 1785 1078 qui

266 1099 298 1129 in
317 1099 428 1129 Codice
455 1099 544 1126 Sacro
569 1096 642 1125 nihil
664 1096 754 1125 divini
777 1094 946 1129 inveniant,
967 1095 1014 1122 vel
1038 1102 1102 1122 cum
1121 1093 1176 1128 iis,
1198 1094 1249 1129 qui
1266 1094 1302 1122 ad
1317 1094 1581 1128 interpretationem
1604 1093 1784 1123 Historicam

266 1151 349 1180 etiam
377 1157 511 1179 arcanum
534 1155 562 1177 et
593 1147 822 1183 inexplicabilem
854 1144 1004 1180 quemdam
1038 1152 1153 1172 sensum
1175 1143 1314 1172 referant„
1357 1144 1569 1172 Contendimus
1598 1153 1690 1180 ergo,
1719 1151 1785 1173 eum

266 1209 377 1232 tantum
404 1199 568 1236 interpretis
592 1205 711 1227 munere
742 1196 868 1233 legitime
894 1194 998 1231 fungi,
1029 1194 1079 1229 qui
1102 1193 1252 1222 Historice
1275 1193 1500 1229 interpretetur,
1529 1194 1559 1222 id
1578 1200 1644 1229 est,
1671 1194 1786 1224 notitiis

266 1254 353 1283 modo
379 1251 542 1280 memoratis
571 1249 732 1278 instructus
757 1247 817 1283 sit,
845 1255 951 1282 easque
979 1246 1014 1274 ad
1039 1245 1152 1282 singula
1178 1244 1323 1273 literarum
1351 1253 1493 1273 sacrarum
1520 1245 1577 1272 huc
1613 1245 1787 1281 pertinentia

266 1305 331 1334 loca
351 1309 428 1331 recte
451 1300 600 1337 conferat,
624 1300 705 1337 [qua
723 1298 757 1326 de
774 1307 803 1326 re
821 1296 934 1334 egregia
955 1302 1067 1325 exstant
1087 1295 1116 1324 in
1137 1294 1225 1323 Keilii
1246 1294 1341 1323 Elem.
1363 1301 1451 1329 supra
1471 1295 1536 1322 citt.
1557 1296 1585 1330 §.
1604 1295 1642 1330 96
1655 1295 1784 1335 -103]

269 1363 333 1384 eum
358 1362 449 1388 vero,
479 1352 527 1388 qui
545 1352 645 1380 harum
669 1349 706 1378 sit
724 1349 826 1384 rudis,
846 1350 917 1377 tales
938 1348 1043 1384 passim
1062 1348 1159 1377 verbis
1178 1347 1282 1376 horum
1306 1345 1487 1382 Scriptorum
1509 1346 1663 1376 sententias
1683 1347 1786 1386 adJun-

267 1414 354 1444 gere,
376 1405 410 1433 de
430 1404 535 1440 quibus
553 1403 596 1432 illi
622 1411 658 1432 ne
681 1401 807 1438 cogitare
828 1400 943 1436 quidem
967 1399 1129 1436 potuerint.

305 1456 396 1494 Quod
415 1464 485 1484 vero
510 1454 612 1484 attinet
630 1454 664 1482 ad
682 1452 779 1481 fontes
805 1450 1048 1487 interpretationis
1072 1449 1235 1479 Ilistoricae
1250 1449 1392 1478 librorum
1415 1457 1561 1478 sacrorum
1575 1471 1586 1486 ,
1608 1450 1698 1480 verbo
1720 1458 1784 1483 tan-

271 1514 333 1537 tum
364 1514 521 1542 notamus,
552 1506 646 1542 ipsum
677 1504 816 1534 Codicem
843 1512 954 1532 sacrum
979 1502 1162 1540 potissimum
1188 1502 1348 1530 adeundum
1382 1507 1411 1529 et
1437 1502 1678 1537 pervolutandum
1707 1511 1784 1534 esse.

270 1558 425 1589 Primarius
453 1564 530 1586 certe
547 1557 578 1586 in
604 1566 638 1585 eo
667 1563 695 1584 et
717 1555 936 1591 limpidissimus
964 1554 1032 1584 fons
1056 1560 1101 1582 est
1124 1559 1183 1581 tum
1213 1552 1306 1589 ipsius
1328 1551 1546 1588 cognoscendae
1572 1552 1720 1589 religionis
1743 1553 1786 1582 di-

269 1608 369 1643 vinae,
399 1607 435 1636 ad
457 1608 540 1644 cujus
569 1615 697 1636 normam
724 1606 874 1634 effatorum
899 1608 1103 1642 plerorumque
1131 1603 1326 1639 interpretatio
1351 1602 1488 1638 exigenda
1512 1609 1578 1638 est,
1610 1609 1672 1631 tum
1699 1603 1785 1632 etiam

272 1659 467 1688 observandae
490 1657 662 1686 diversitatis
687 1657 866 1693 ingeniorum
890 1657 1141 1693 opinionumque,
1171 1662 1205 1682 ex
1232 1663 1288 1690 qua
1309 1662 1369 1682 non
1398 1661 1460 1681 raro
1487 1652 1571 1681 dictis
1596 1654 1646 1682 lux
1677 1652 1788 1683 affandi

269 1709 376 1747 possit.
417 1710 462 1738 De
490 1717 577 1737 sensu
601 1708 753 1737 Historico
783 1709 832 1737 hac
861 1708 971 1737 ratione
995 1706 1175 1744 dijudicando
1201 1706 1289 1733 multa
1320 1703 1432 1741 egregie
1461 1703 1575 1732 monuit
1601 1704 1730 1733 Storrius
1755 1704 1786 1735 in

270 1760 504 1795 Dissertatione,
525 1768 597 1796 quae
610 1769 710 1788 recusa
731 1766 823 1788 exstat
846 1759 877 1788 in
900 1759 1008 1796 Sylloge
1036 1757 1238 1798 Opusculorum
1254 1757 1288 1786 ad
1303 1757 1399 1786 doctr.
1421 1764 1448 1786 5.
1469 1756 1575 1793 pertin.
1600 1756 1673 1786 edita
1696 1765 1712 1786 a
1731 1756 1781 1786 Cl.

272 1811 315 1843 H.
335 1811 510 1849 thtinghe
528 1811 566 1841 Π.
589 1820 621 1847 p.
641 1813 690 1847 63.
714 1817 742 1839 et
767 1820 851 1847 seqq.

311 1863 425 1900 Quarto
447 1862 558 1891 tandem
582 1862 791 1897 observamus,
811 1863 976 1900 interpretis
1003 1870 1104 1890 mimus
1133 1861 1183 1892 hoc
1205 1869 1260 1889 uno
1282 1864 1396 1888 tantum
1418 1859 1576 1895 contineri,
1605 1865 1638 1887 ut
1667 1857 1740 1896 quid
1760 1865 1783 1887 a

273 1912 456 1951 scriptoribus
478 1912 620 1942 traditum
642 1914 700 1948 sit,
721 1920 852 1951 exponat.

313 1964 506 1999 Nequaquam
527 1963 688 2000 interpretis
720 1971 785 1999 est,
807 1965 842 1993 de
869 1965 955 1995 rebus
983 1965 1094 1994 traditis
1115 1963 1263 1994 subtiliter
1284 1962 1495 1999 philosophati.
1538 1960 1631 1991 Conf.
1652 1959 1785 1989 Ernestix'

275 2014 361 2045 Diss.
386 2014 420 2043 de
438 2015 569 2044 vanitate
581 2015 837 2053 philosophantium
860 2017 892 2044 in
917 2017 1152 2054 interpretatione
1175 2015 1314 2044 librorum
1335 2023 1501 2049 sacrorum,
1522 2013 1551 2042 in
1578 2011 1694 2050 Opuscc.
1717 2009 1788 2039 Phi-

268 2067 322 2101 lol.
343 2074 410 2104 pag.
431 2073 501 2104 233.
540 2065 690 2096 Nonnulla
716 2066 799 2097 etiam
823 2067 880 2097 huc
904 2068 1075 2104 pertinentia
1098 2065 1295 2098 animadvertit
1317 2066 1356 2097 P.
1377 2066 1417 2096 L.
1439 2065 1563 2103 Muzel,
1590 2062 1625 2092 dc
1643 2062 1784 2093 discrimi-

1752 2122 1792 2145 1ὶῦ
