<?xml version="1.0" encoding="UTF-8"?>
<!DOCTYPE html PUBLIC "-//W3C//DTD XHTML 1.0 Transitional//EN"
    "http://www.w3.org/TR/xhtml1/DTD/xhtml1-transitional.dtd">
<html xmlns="http://www.w3.org/1999/xhtml" xml:lang="en" lang="en">
 <head>
  <title>
</title>
<meta http-equiv="Content-Type" content="text/html;charset=utf-8" />
  <meta name='ocr-system' content='tesseract 3.04.00' />
  <meta name='ocr-capabilities' content='ocr_page ocr_carea ocr_par ocr_line ocrx_word'/>
</head>
<body>
  <div class='ocr_page' id='page_1' title='image "annalesacademiae22rijk_0359.png"; bbox 0 0 1930 2448; ppageno 0'>
   <div class='ocr_carea' id='block_1_1' title="bbox 302 18 314 25">
    <p class='ocr_par' dir='ltr' id='par_1_1' title="bbox 302 18 314 25">
     <span class='ocr_line' id='line_1_1' title="bbox 302 18 314 25; baseline 0 0"><span class='ocrx_word' id='word_1_1' title='bbox 302 18 314 25; x_wconf 49' lang='lat' dir='ltr'>s</span> 
     </span>
    </p>
   </div>
   <div class='ocr_carea' id='block_1_2' title="bbox 221 88 1649 136">
    <p class='ocr_par' dir='ltr' id='par_1_2' title="bbox 221 88 1649 136">
     <span class='ocr_line' id='line_1_2' title="bbox 221 88 1649 136; baseline 0.004 -13"><span class='ocrx_word' id='word_1_2' title='bbox 221 89 478 124; x_wconf 71' lang='lat' dir='ltr'>RESPONSUM</span> <span class='ocrx_word' id='word_1_3' title='bbox 500 97 544 120; x_wconf 81' lang='lat' dir='ltr'><strong>AD</strong></span> <span class='ocrx_word' id='word_1_4' title='bbox 566 88 876 128; x_wconf 90' lang='lat' dir='ltr'><strong>QUAESTIONEM</strong></span> <span class='ocrx_word' id='word_1_5' title='bbox 897 91 1546 128; x_wconf 81' lang='lat' dir='ltr'><strong>PHILOSOPHICo-THEORETICAM.</strong></span> <span class='ocrx_word' id='word_1_6' title='bbox 1610 108 1649 136; x_wconf 77' lang='lat'><strong>25</strong></span> 
     </span>
    </p>
   </div>
   <div class='ocr_carea' id='block_1_3' title="bbox 117 173 1644 1851">
    <p class='ocr_par' dir='ltr' id='par_1_3' title="bbox 119 173 1644 1546">
     <span class='ocr_line' id='line_1_3' title="bbox 129 173 1644 212; baseline 0.002 -6"><span class='ocrx_word' id='word_1_7' title='bbox 129 184 212 206; x_wconf 77' lang='lat' dir='ltr'><strong>turae</strong></span> <span class='ocrx_word' id='word_1_8' title='bbox 236 175 386 204; x_wconf 86' lang='lat' dir='ltr'><strong>definiatur</strong></span> <span class='ocrx_word' id='word_1_9' title='bbox 405 182 530 210; x_wconf 84' lang='lat' dir='ltr'><strong>nomen,</strong></span> <span class='ocrx_word' id='word_1_10' title='bbox 552 180 628 202; x_wconf 89' lang='lat' dir='ltr'><strong>recte</strong></span> <span class='ocrx_word' id='word_1_11' title='bbox 648 173 755 203; x_wconf 83' lang='lat' dir='ltr'>dixisse</span> <span class='ocrx_word' id='word_1_12' title='bbox 775 174 933 210; x_wconf 85' lang='lat' dir='ltr'><strong>Epicurum</strong></span> <span class='ocrx_word' id='word_1_13' title='bbox 955 181 983 203; x_wconf 88' lang='lat' dir='ltr'><strong>et</strong></span> <span class='ocrx_word' id='word_1_14' title='bbox 1003 175 1201 212; x_wconf 87' lang='lat' dir='ltr'><strong>Chrysippum</strong></span> <span class='ocrx_word' id='word_1_15' title='bbox 1216 198 1226 212; x_wconf 73' lang='grc'><strong><em>,</em></strong></span> <span class='ocrx_word' id='word_1_16' title='bbox 1253 185 1319 205; x_wconf 84' lang='lat' dir='ltr'><strong>vera</strong></span> <span class='ocrx_word' id='word_1_17' title='bbox 1340 186 1402 206; x_wconf 85' lang='lat' dir='ltr'><strong>esse</strong></span> <span class='ocrx_word' id='word_1_18' title='bbox 1423 187 1547 208; x_wconf 72' lang='lat' dir='ltr'><strong>naturae</strong></span> <span class='ocrx_word' id='word_1_19' title='bbox 1566 181 1644 209; x_wconf 70' lang='lat' dir='ltr'><strong>iudi-</strong></span> 
     </span>
     <span class='ocr_line' id='line_1_4' title="bbox 130 225 1642 267; baseline 0.003 -11"><span class='ocrx_word' id='word_1_20' title='bbox 130 229 196 263; x_wconf 82' lang='lat' dir='ltr'><strong>cia,</strong></span> <span class='ocrx_word' id='word_1_21' title='bbox 227 233 304 255; x_wconf 79' lang='lat' dir='ltr'><strong>recte</strong></span> <span class='ocrx_word' id='word_1_22' title='bbox 325 226 438 254; x_wconf 89' lang='lat' dir='ltr'><strong>eosdem</strong></span> <span class='ocrx_word' id='word_1_23' title='bbox 461 225 612 254; x_wconf 83' lang='lat' dir='ltr'><strong>affirmasse</strong></span> <span class='ocrx_word' id='word_1_24' title='bbox 655 246 673 260; x_wconf 88' lang='lat'><strong>„</strong></span> <span class='ocrx_word' id='word_1_25' title='bbox 694 226 739 254; x_wconf 91' lang='lat' dir='ltr'><strong>De</strong></span> <span class='ocrx_word' id='word_1_26' title='bbox 762 234 819 260; x_wconf 92' lang='lat' dir='ltr'><strong>quo</strong></span> <span class='ocrx_word' id='word_1_27' title='bbox 840 228 961 253; x_wconf 74' lang='lat' dir='ltr'><strong>omnium</strong></span> <span class='ocrx_word' id='word_1_28' title='bbox 983 232 1093 254; x_wconf 73' lang='lat' dir='ltr'><strong>natura</strong></span> <span class='ocrx_word' id='word_1_29' title='bbox 1114 228 1279 264; x_wconf 81' lang='lat' dir='ltr'>consentit,</span> <span class='ocrx_word' id='word_1_30' title='bbox 1309 229 1338 257; x_wconf 93' lang='lat' dir='ltr'><strong>id</strong></span> <span class='ocrx_word' id='word_1_31' title='bbox 1358 238 1455 259; x_wconf 88' lang='lat' dir='ltr'><strong>verum</strong></span> <span class='ocrx_word' id='word_1_32' title='bbox 1478 240 1560 267; x_wconf 86' lang='lat' dir='ltr'><strong>esse,</strong></span> <span class='ocrx_word' id='word_1_33' title='bbox 1592 241 1642 260; x_wconf 90' lang='lat' dir='ltr'><strong>ne-</strong></span> 
     </span>
     <span class='ocr_line' id='line_1_5' title="bbox 130 276 1640 319; baseline 0.003 -12"><span class='ocrx_word' id='word_1_34' title='bbox 130 287 209 307; x_wconf 88' lang='lat' dir='ltr'><strong>cesse</strong></span> <span class='ocrx_word' id='word_1_35' title='bbox 230 277 309 306; x_wconf 84' lang='lat' dir='ltr'><strong>est.⁷’</strong></span> <span class='ocrx_word' id='word_1_36' title='bbox 348 278 486 306; x_wconf 77' lang='lat' dir='ltr'><em>Naturae</em></span> <span class='ocrx_word' id='word_1_37' title='bbox 507 279 576 307; x_wconf 80' lang='lat' dir='ltr'><strong>vero</strong></span> <span class='ocrx_word' id='word_1_38' title='bbox 598 276 707 305; x_wconf 75' lang='lat' dir='ltr'><strong>iudicia</strong></span> <span class='ocrx_word' id='word_1_39' title='bbox 726 284 785 305; x_wconf 90' lang='lat' dir='ltr'><strong>non</strong></span> <span class='ocrx_word' id='word_1_40' title='bbox 806 276 1014 313; x_wconf 81' lang='lat' dir='ltr'><strong>intelligimus,</strong></span> <span class='ocrx_word' id='word_1_41' title='bbox 1044 284 1077 305; x_wconf 90' lang='lat' dir='ltr'><strong>ut</strong></span> <span class='ocrx_word' id='word_1_42' title='bbox 1097 277 1139 306; x_wconf 89' lang='lat' dir='ltr'><strong>illi</strong></span> <span class='ocrx_word' id='word_1_43' title='bbox 1160 279 1352 315; x_wconf 86' lang='lat' dir='ltr'><strong>philosophi,</strong></span> <span class='ocrx_word' id='word_1_44' title='bbox 1382 281 1517 310; x_wconf 86' lang='lat' dir='ltr'><strong>notiones</strong></span> <span class='ocrx_word' id='word_1_45' title='bbox 1549 291 1640 319; x_wconf 88' lang='lat' dir='ltr'><strong>prop·</strong></span> 
     </span>
     <span class='ocr_line' id='line_1_6' title="bbox 130 328 1643 367; baseline 0.002 -8"><span class='ocrx_word' id='word_1_46' title='bbox 130 337 206 359; x_wconf 83' lang='lat' dir='ltr'><strong>terea</strong></span> <span class='ocrx_word' id='word_1_47' title='bbox 225 331 374 358; x_wconf 75' lang='lat' dir='ltr'><em>naturales</em></span> <span class='ocrx_word' id='word_1_48' title='bbox 395 329 527 358; x_wconf 87' lang='lat' dir='ltr'><strong>dicendas</strong></span> <span class='ocrx_word' id='word_1_49' title='bbox 542 349 552 365; x_wconf 83' lang='lat'><strong>,</strong></span> <span class='ocrx_word' id='word_1_50' title='bbox 575 329 641 364; x_wconf 81' lang='lat' dir='ltr'><strong>quia</strong></span> <span class='ocrx_word' id='word_1_51' title='bbox 662 334 766 364; x_wconf 85' lang='lat' dir='ltr'><strong>sponte</strong></span> <span class='ocrx_word' id='word_1_52' title='bbox 786 328 860 362; x_wconf 67' lang='lat' dir='ltr'><strong>sua,</strong></span> <span class='ocrx_word' id='word_1_53' title='bbox 881 328 961 356; x_wconf 70' lang='lat' dir='ltr'><strong>nulla</strong></span> <span class='ocrx_word' id='word_1_54' title='bbox 982 335 1041 356; x_wconf 87' lang='lat' dir='ltr'><strong>arte</strong></span> <span class='ocrx_word' id='word_1_55' title='bbox 1062 330 1162 357; x_wconf 67' lang='lat' dir='ltr'><strong>nostra</strong></span> <span class='ocrx_word' id='word_1_56' title='bbox 1191 336 1218 357; x_wconf 86' lang='lat' dir='ltr'><strong>et</strong></span> <span class='ocrx_word' id='word_1_57' title='bbox 1244 330 1386 359; x_wconf 68' lang='lat' dir='ltr'><strong>industria</strong></span> <span class='ocrx_word' id='word_1_58' title='bbox 1404 352 1414 367; x_wconf 85' lang='lat'><strong>,</strong></span> <span class='ocrx_word' id='word_1_59' title='bbox 1446 332 1533 361; x_wconf 88' lang='lat' dir='ltr'><strong>nobis</strong></span> <span class='ocrx_word' id='word_1_60' title='bbox 1561 333 1643 362; x_wconf 81' lang='lat' dir='ltr'><strong>inna-</strong></span> 
     </span>
     <span class='ocr_line' id='line_1_7' title="bbox 131 378 1639 418; baseline 0.002 -8"><span class='ocrx_word' id='word_1_61' title='bbox 131 388 262 410; x_wconf 81' lang='lat' dir='ltr'>scantur:</span> <span class='ocrx_word' id='word_1_62' title='bbox 295 387 396 409; x_wconf 85' lang='lat' dir='ltr'><strong>contra</strong></span> <span class='ocrx_word' id='word_1_63' title='bbox 417 389 447 409; x_wconf 89' lang='lat' dir='ltr'><strong>ea</strong></span> <span class='ocrx_word' id='word_1_64' title='bbox 467 381 530 409; x_wconf 79' lang='lat' dir='ltr'><strong>illas</strong></span> <span class='ocrx_word' id='word_1_65' title='bbox 558 379 770 416; x_wconf 77' lang='lat' dir='ltr'><strong>significamus,</strong></span> <span class='ocrx_word' id='word_1_66' title='bbox 804 387 875 413; x_wconf 88' lang='lat' dir='ltr'><strong>quae</strong></span> <span class='ocrx_word' id='word_1_67' title='bbox 904 378 943 406; x_wconf 90' lang='lat' dir='ltr'><strong>ita</strong></span> <span class='ocrx_word' id='word_1_68' title='bbox 962 379 1100 408; x_wconf 84' lang='lat' dir='ltr'><strong>humanae</strong></span> <span class='ocrx_word' id='word_1_69' title='bbox 1120 387 1235 408; x_wconf 83' lang='lat' dir='ltr'><strong>naturae</strong></span> <span class='ocrx_word' id='word_1_70' title='bbox 1255 390 1432 418; x_wconf 84' lang='lat' dir='ltr'><strong>congruant,</strong></span> <span class='ocrx_word' id='word_1_71' title='bbox 1454 391 1486 412; x_wconf 89' lang='lat' dir='ltr'><strong>ut</strong></span> <span class='ocrx_word' id='word_1_72' title='bbox 1507 384 1639 413; x_wconf 82' lang='lat' dir='ltr'><strong>homines</strong></span> 
     </span>
     <span class='ocr_line' id='line_1_8' title="bbox 129 429 1639 468; baseline 0.003 -7"><span class='ocrx_word' id='word_1_73' title='bbox 129 433 211 462; x_wconf 82' lang='lat' dir='ltr'><strong>aliter</strong></span> <span class='ocrx_word' id='word_1_74' title='bbox 231 439 355 461; x_wconf 82' lang='lat' dir='ltr'>statuere</span> <span class='ocrx_word' id='word_1_75' title='bbox 374 439 535 468; x_wconf 77' lang='lat' dir='ltr'><strong>nequeant:</strong></span> <span class='ocrx_word' id='word_1_76' title='bbox 558 431 587 459; x_wconf 92' lang='lat' dir='ltr'><strong>id</strong></span> <span class='ocrx_word' id='word_1_77' title='bbox 607 430 704 465; x_wconf 88' lang='lat' dir='ltr'><strong>enim,</strong></span> <span class='ocrx_word' id='word_1_78' title='bbox 727 429 769 458; x_wconf 90' lang='lat' dir='ltr'><strong>uti</strong></span> <span class='ocrx_word' id='word_1_79' title='bbox 789 429 912 458; x_wconf 79' lang='lat' dir='ltr'><strong>diximus</strong></span> <span class='ocrx_word' id='word_1_80' title='bbox 926 450 937 466; x_wconf 83' lang='lat'><strong>,</strong></span> <span class='ocrx_word' id='word_1_81' title='bbox 958 439 1057 459; x_wconf 88' lang='lat' dir='ltr'><strong>verum</strong></span> <span class='ocrx_word' id='word_1_82' title='bbox 1080 438 1123 460; x_wconf 90' lang='lat' dir='ltr'><strong>est</strong></span> <span class='ocrx_word' id='word_1_83' title='bbox 1143 431 1273 467; x_wconf 84' lang='lat' dir='ltr'><strong>homini,</strong></span> <span class='ocrx_word' id='word_1_84' title='bbox 1305 434 1383 468; x_wconf 87' lang='lat' dir='ltr'><strong>quod</strong></span> <span class='ocrx_word' id='word_1_85' title='bbox 1404 440 1435 462; x_wconf 91' lang='lat' dir='ltr'><strong>ut</strong></span> <span class='ocrx_word' id='word_1_86' title='bbox 1456 444 1554 464; x_wconf 89' lang='lat' dir='ltr'><strong>verum</strong></span> <span class='ocrx_word' id='word_1_87' title='bbox 1576 445 1639 465; x_wconf 90' lang='lat' dir='ltr'><strong>esse</strong></span> 
     </span>
     <span class='ocr_line' id='line_1_9' title="bbox 130 480 1641 522; baseline 0.002 -9"><span class='ocrx_word' id='word_1_88' title='bbox 130 490 252 519; x_wconf 73' lang='lat' dir='ltr'><strong>statuat,</strong></span> <span class='ocrx_word' id='word_1_89' title='bbox 275 490 391 512; x_wconf 83' lang='lat' dir='ltr'><strong>naturae</strong></span> <span class='ocrx_word' id='word_1_90' title='bbox 411 483 472 511; x_wconf 85' lang='lat' dir='ltr'><strong>eius</strong></span> <span class='ocrx_word' id='word_1_91' title='bbox 493 481 631 511; x_wconf 87' lang='lat' dir='ltr'><strong>convenit</strong></span> <span class='ocrx_word' id='word_1_92' title='bbox 651 481 800 509; x_wconf 87' lang='lat' dir='ltr'><strong>humanae.</strong></span> <span class='ocrx_word' id='word_1_93' title='bbox 842 480 948 516; x_wconf 85' lang='lat' dir='ltr'><strong>Neque</strong></span> <span class='ocrx_word' id='word_1_94' title='bbox 976 481 1014 510; x_wconf 84' lang='lat' dir='ltr'><strong>ita</strong></span> <span class='ocrx_word' id='word_1_95' title='bbox 1041 490 1106 510; x_wconf 91' lang='lat' dir='ltr'><strong>cum</strong></span> <span class='ocrx_word' id='word_1_96' title='bbox 1133 482 1279 511; x_wconf 86' lang='lat' dir='ltr'><strong>veteribus</strong></span> <span class='ocrx_word' id='word_1_97' title='bbox 1300 483 1357 512; x_wconf 87' lang='lat' dir='ltr'><strong>illis</strong></span> <span class='ocrx_word' id='word_1_98' title='bbox 1378 485 1560 522; x_wconf 86' lang='lat' dir='ltr'><strong>philosophis</strong></span> <span class='ocrx_word' id='word_1_99' title='bbox 1582 494 1641 516; x_wconf 80' lang='lat' dir='ltr'><strong>sta-</strong></span> 
     </span>
     <span class='ocr_line' id='line_1_10' title="bbox 128 533 1639 572; baseline 0.002 -8"><span class='ocrx_word' id='word_1_100' title='bbox 128 536 256 570; x_wconf 87' lang='lat' dir='ltr'><strong>tuimus,</strong></span> <span class='ocrx_word' id='word_1_101' title='bbox 278 542 310 563; x_wconf 89' lang='lat' dir='ltr'><strong>ut</strong></span> <span class='ocrx_word' id='word_1_102' title='bbox 331 543 430 563; x_wconf 89' lang='lat' dir='ltr'><strong>omnes</strong></span> <span class='ocrx_word' id='word_1_103' title='bbox 451 535 573 563; x_wconf 73' lang='lat' dir='ltr'><strong>notiones</strong></span> <span class='ocrx_word' id='word_1_104' title='bbox 589 543 743 562; x_wconf 79' lang='lat' dir='ltr'><strong>communes</strong></span> <span class='ocrx_word' id='word_1_105' title='bbox 763 533 890 561; x_wconf 84' lang='lat' dir='ltr'><strong>dicamus</strong></span> <span class='ocrx_word' id='word_1_106' title='bbox 912 541 1028 569; x_wconf 88' lang='lat' dir='ltr'><strong>quoque</strong></span> <span class='ocrx_word' id='word_1_107' title='bbox 1044 541 1169 562; x_wconf 74' lang='lat' dir='ltr'><strong>naturae</strong></span> <span class='ocrx_word' id='word_1_108' title='bbox 1184 543 1246 562; x_wconf 86' lang='lat' dir='ltr'><strong>esse</strong></span> <span class='ocrx_word' id='word_1_109' title='bbox 1266 535 1393 572; x_wconf 72' lang='lat' dir='ltr'><strong>iudiclcz,·</strong></span> <span class='ocrx_word' id='word_1_110' title='bbox 1417 538 1496 572; x_wconf 90' lang='lat' dir='ltr'><strong>quod</strong></span> <span class='ocrx_word' id='word_1_111' title='bbox 1515 547 1567 567; x_wconf 90' lang='lat' dir='ltr'><strong>nec</strong></span> <span class='ocrx_word' id='word_1_112' title='bbox 1589 538 1639 567; x_wconf 74' lang='lat' dir='ltr'><strong>fle&lt;</strong></span> 
     </span>
     <span class='ocr_line' id='line_1_11' title="bbox 126 584 1637 625; baseline 0.004 -10"><span class='ocrx_word' id='word_1_113' title='bbox 126 586 151 615; x_wconf 88' lang='lat' dir='ltr'><strong>ri</strong></span> <span class='ocrx_word' id='word_1_114' title='bbox 177 586 302 615; x_wconf 88' lang='lat' dir='ltr'><strong>vidimus</strong></span> <span class='ocrx_word' id='word_1_115' title='bbox 328 585 358 614; x_wconf 91' lang='lat' dir='ltr'><strong>in</strong></span> <span class='ocrx_word' id='word_1_116' title='bbox 377 585 499 613; x_wconf 83' lang='lat' dir='ltr'><strong>decretis</strong></span> <span class='ocrx_word' id='word_1_117' title='bbox 519 584 638 614; x_wconf 89' lang='lat' dir='ltr'><strong>rationis</strong></span> <span class='ocrx_word' id='word_1_118' title='bbox 659 584 811 621; x_wconf 81' lang='lat' dir='ltr'><strong>practicae.</strong></span> <span class='ocrx_word' id='word_1_119' title='bbox 854 585 962 614; x_wconf 80' lang='lat' dir='ltr'><strong>Nonne</strong></span> <span class='ocrx_word' id='word_1_120' title='bbox 990 593 1055 615; x_wconf 89' lang='lat' dir='ltr'><strong>ante</strong></span> <span class='ocrx_word' id='word_1_121' title='bbox 1079 587 1260 616; x_wconf 82' lang='lat' dir='ltr'><strong>Christianae</strong></span> <span class='ocrx_word' id='word_1_122' title='bbox 1281 588 1427 625; x_wconf 70' lang='lat' dir='ltr'><strong>religionis</strong></span> <span class='ocrx_word' id='word_1_123' title='bbox 1449 590 1478 619; x_wconf 92' lang='lat' dir='ltr'><strong>in</strong></span> <span class='ocrx_word' id='word_1_124' title='bbox 1498 592 1637 621; x_wconf 82' lang='lat' dir='ltr'><strong>mundum</strong></span> 
     </span>
     <span class='ocr_line' id='line_1_12' title="bbox 127 637 1637 676; baseline 0.005 -11"><span class='ocrx_word' id='word_1_125' title='bbox 127 637 287 674; x_wconf 83' lang='lat' dir='ltr'><strong>ingressum</strong></span> <span class='ocrx_word' id='word_1_126' title='bbox 309 638 469 667; x_wconf 89' lang='lat' dir='ltr'><strong>communis</strong></span> <span class='ocrx_word' id='word_1_127' title='bbox 491 637 549 666; x_wconf 85' lang='lat' dir='ltr'><strong>fuit</strong></span> <span class='ocrx_word' id='word_1_128' title='bbox 566 638 669 674; x_wconf 90' lang='lat' dir='ltr'><strong>notio,</strong></span> <span class='ocrx_word' id='word_1_129' title='bbox 691 638 823 667; x_wconf 87' lang='lat' dir='ltr'><strong>inimicos</strong></span> <span class='ocrx_word' id='word_1_130' title='bbox 843 638 912 666; x_wconf 90' lang='lat' dir='ltr'><strong>odio</strong></span> <span class='ocrx_word' id='word_1_131' title='bbox 934 647 995 666; x_wconf 89' lang='lat' dir='ltr'><strong>esse</strong></span> <span class='ocrx_word' id='word_1_132' title='bbox 1023 638 1193 668; x_wconf 78' lang='lat' dir='ltr'><strong>habendos?</strong></span> <span class='ocrx_word' id='word_1_133' title='bbox 1224 639 1351 668; x_wconf 82' lang='lat' dir='ltr'><strong>dicemus</strong></span> <span class='ocrx_word' id='word_1_134' title='bbox 1372 639 1476 676; x_wconf 81' lang='lat' dir='ltr'><strong>igitur,</strong></span> <span class='ocrx_word' id='word_1_135' title='bbox 1499 642 1637 672; x_wconf 84' lang='lat' dir='ltr'><strong>iudicium</strong></span> 
     </span>
     <span class='ocr_line' id='line_1_13' title="bbox 125 689 1639 730; baseline 0.004 -14"><span class='ocrx_word' id='word_1_136' title='bbox 125 689 181 717; x_wconf 86' lang='lat' dir='ltr'><strong>hoc</strong></span> <span class='ocrx_word' id='word_1_137' title='bbox 201 689 240 717; x_wconf 88' lang='lat' dir='ltr'><strong>ita</strong></span> <span class='ocrx_word' id='word_1_138' title='bbox 259 689 350 717; x_wconf 86' lang='lat' dir='ltr'><strong>fuisse</strong></span> <span class='ocrx_word' id='word_1_139' title='bbox 369 696 504 724; x_wconf 80' lang='lat' dir='ltr'><strong>naturae,</strong></span> <span class='ocrx_word' id='word_1_140' title='bbox 536 696 568 718; x_wconf 85' lang='lat' dir='ltr'><strong>ut</strong></span> <span class='ocrx_word' id='word_1_141' title='bbox 594 690 681 718; x_wconf 90' lang='lat' dir='ltr'><strong>homo</strong></span> <span class='ocrx_word' id='word_1_142' title='bbox 712 690 793 719; x_wconf 90' lang='lat' dir='ltr'><strong>aliter</strong></span> <span class='ocrx_word' id='word_1_143' title='bbox 813 698 938 720; x_wconf 84' lang='lat' dir='ltr'><strong>statuere</strong></span> <span class='ocrx_word' id='word_1_144' title='bbox 957 700 1017 721; x_wconf 91' lang='lat' dir='ltr'><strong>non</strong></span> <span class='ocrx_word' id='word_1_145' title='bbox 1038 693 1163 728; x_wconf 75' lang='lat' dir='ltr'><strong>posset‘.2</strong></span> <span class='ocrx_word' id='word_1_146' title='bbox 1204 693 1299 721; x_wconf 87' lang='lat' dir='ltr'><strong>Nemo</strong></span> <span class='ocrx_word' id='word_1_147' title='bbox 1321 693 1376 721; x_wconf 90' lang='lat' dir='ltr'><strong>hoc</strong></span> <span class='ocrx_word' id='word_1_148' title='bbox 1397 700 1527 730; x_wconf 85' lang='lat' dir='ltr'><strong>tempore</strong></span> <span class='ocrx_word' id='word_1_149' title='bbox 1548 693 1576 723; x_wconf 93' lang='lat' dir='ltr'><strong>id</strong></span> <span class='ocrx_word' id='word_1_150' title='bbox 1596 695 1639 724; x_wconf 88' lang='lat' dir='ltr'><strong>af-</strong></span> 
     </span>
     <span class='ocr_line' id='line_1_14' title="bbox 127 739 1639 776; baseline 0.005 -8"><span class='ocrx_word' id='word_1_151' title='bbox 127 739 281 768; x_wconf 81' lang='lat' dir='ltr'><strong>firmaverit</strong></span> <span class='ocrx_word' id='word_1_152' title='bbox 300 740 456 769; x_wconf 84' lang='lat' dir='ltr'><strong>honestus.</strong></span> <span class='ocrx_word' id='word_1_153' title='bbox 498 740 606 775; x_wconf 81' lang='lat' dir='ltr'><strong>Neque</strong></span> <span class='ocrx_word' id='word_1_154' title='bbox 635 740 764 770; x_wconf 80' lang='lat' dir='ltr'><strong>vicissim</strong></span> <span class='ocrx_word' id='word_1_155' title='bbox 786 742 880 771; x_wconf 89' lang='lat' dir='ltr'><strong>omnia</strong></span> <span class='ocrx_word' id='word_1_156' title='bbox 907 749 1032 772; x_wconf 74' lang='lat' dir='ltr'><strong>naturae</strong></span> <span class='ocrx_word' id='word_1_157' title='bbox 1050 743 1160 772; x_wconf 76' lang='lat' dir='ltr'><strong>iudicia</strong></span> <span class='ocrx_word' id='word_1_158' title='bbox 1181 744 1267 773; x_wconf 90' lang='lat' dir='ltr'><strong>simul</strong></span> <span class='ocrx_word' id='word_1_159' title='bbox 1287 751 1355 773; x_wconf 88' lang='lat' dir='ltr'><strong>sunt</strong></span> <span class='ocrx_word' id='word_1_160' title='bbox 1375 747 1497 774; x_wconf 75' lang='lat' dir='ltr'><strong>notiones</strong></span> <span class='ocrx_word' id='word_1_161' title='bbox 1515 756 1639 776; x_wconf 76' lang='lat' dir='ltr'><strong>commu-</strong></span> 
     </span>
     <span class='ocr_line' id='line_1_15' title="bbox 127 790 1637 831; baseline 0.006 -14"><span class='ocrx_word' id='word_1_162' title='bbox 127 799 195 826; x_wconf 77' lang='lat' dir='ltr'><strong>ms‚·</strong></span> <span class='ocrx_word' id='word_1_163' title='bbox 225 791 304 826; x_wconf 89' lang='lat' dir='ltr'><strong>quod</strong></span> <span class='ocrx_word' id='word_1_164' title='bbox 331 790 355 818; x_wconf 92' lang='lat' dir='ltr'><strong>si</strong></span> <span class='ocrx_word' id='word_1_165' title='bbox 383 799 503 826; x_wconf 85' lang='lat' dir='ltr'><strong>verum,</strong></span> <span class='ocrx_word' id='word_1_166' title='bbox 532 792 615 827; x_wconf 67' lang='lat' dir='ltr'><strong>quam</strong></span> <span class='ocrx_word' id='word_1_167' title='bbox 642 801 733 828; x_wconf 90' lang='lat' dir='ltr'><strong>pauca</strong></span> <span class='ocrx_word' id='word_1_168' title='bbox 764 794 822 823; x_wconf 91' lang='lat' dir='ltr'><strong>sint</strong></span> <span class='ocrx_word' id='word_1_169' title='bbox 842 803 921 824; x_wconf 87' lang='lat' dir='ltr'><strong>vera.</strong></span> <span class='ocrx_word' id='word_1_170' title='bbox 961 795 995 823; x_wconf 92' lang='lat' dir='ltr'><strong>In</strong></span> <span class='ocrx_word' id='word_1_171' title='bbox 1017 795 1100 830; x_wconf 77' lang='lat' dir='ltr'><strong>quam</strong></span> <span class='ocrx_word' id='word_1_172' title='bbox 1124 795 1255 831; x_wconf 86' lang='lat' dir='ltr'><strong>plurimis</strong></span> <span class='ocrx_word' id='word_1_173' title='bbox 1276 802 1369 825; x_wconf 90' lang='lat' dir='ltr'><strong>tamen</strong></span> <span class='ocrx_word' id='word_1_174' title='bbox 1390 803 1507 826; x_wconf 78' lang='lat' dir='ltr'><strong>naturae</strong></span> <span class='ocrx_word' id='word_1_175' title='bbox 1524 797 1637 827; x_wconf 85' lang='lat' dir='ltr'><strong>iudiciis</strong></span> 
     </span>
     <span class='ocr_line' id='line_1_16' title="bbox 126 841 1639 883; baseline 0.005 -12"><span class='ocrx_word' id='word_1_176' title='bbox 126 842 312 871; x_wconf 85' lang='lat' dir='ltr'><strong>consentiunt</strong></span> <span class='ocrx_word' id='word_1_177' title='bbox 332 850 452 870; x_wconf 83' lang='lat' dir='ltr'><strong>omnes:</strong></span> <span class='ocrx_word' id='word_1_178' title='bbox 471 841 556 871; x_wconf 81' lang='lat' dir='ltr'><strong>cuius</strong></span> <span class='ocrx_word' id='word_1_179' title='bbox 577 843 777 873; x_wconf 87' lang='lat' dir='ltr'><strong>consens-ionis</strong></span> <span class='ocrx_word' id='word_1_180' title='bbox 798 847 905 883; x_wconf 82' lang='lat' dir='ltr'><strong>duplex</strong></span> <span class='ocrx_word' id='word_1_181' title='bbox 926 854 1023 883; x_wconf 88' lang='lat' dir='ltr'><strong>potest</strong></span> <span class='ocrx_word' id='word_1_182' title='bbox 1043 857 1106 876; x_wconf 90' lang='lat' dir='ltr'><strong>esse</strong></span> <span class='ocrx_word' id='word_1_183' title='bbox 1122 857 1224 877; x_wconf 51' lang='lat' dir='ltr'><strong>¹caussa</strong></span> <span class='ocrx_word' id='word_1_184' title='bbox 1241 857 1250 877; x_wconf 91' lang='lat'><strong>:</strong></span> <span class='ocrx_word' id='word_1_185' title='bbox 1279 850 1366 877; x_wconf 84' lang='lat' dir='ltr'><strong>altera</strong></span> <span class='ocrx_word' id='word_1_186' title='bbox 1386 856 1429 877; x_wconf 88' lang='lat' dir='ltr'><strong>est</strong></span> <span class='ocrx_word' id='word_1_187' title='bbox 1449 849 1478 877; x_wconf 91' lang='lat' dir='ltr'><strong>in</strong></span> <span class='ocrx_word' id='word_1_188' title='bbox 1498 849 1639 878; x_wconf 85' lang='lat' dir='ltr'><strong>brevitate</strong></span> 
     </span>
     <span class='ocr_line' id='line_1_17' title="bbox 124 894 1638 936; baseline 0.002 -12"><span class='ocrx_word' id='word_1_189' title='bbox 124 902 152 924; x_wconf 88' lang='lat' dir='ltr'><strong>et</strong></span> <span class='ocrx_word' id='word_1_190' title='bbox 172 894 307 925; x_wconf 83' lang='lat' dir='ltr'><strong>facilitate</strong></span> <span class='ocrx_word' id='word_1_191' title='bbox 327 896 603 933; x_wconf 78' lang='lat' dir='ltr'><strong>argumentationi53</strong></span> <span class='ocrx_word' id='word_1_192' title='bbox 627 899 686 933; x_wconf 74' lang='lat' dir='ltr'><strong>quo</strong></span> <span class='ocrx_word' id='word_1_193' title='bbox 708 899 795 927; x_wconf 78' lang='lat' dir='ltr'><strong>modo</strong></span> <span class='ocrx_word' id='word_1_194' title='bbox 817 908 916 928; x_wconf 86' lang='lat' dir='ltr'><strong>omnes</strong></span> <span class='ocrx_word' id='word_1_195' title='bbox 936 905 1085 934; x_wconf 86' lang='lat' dir='ltr'><strong>statuunt,</strong></span> <span class='ocrx_word' id='word_1_196' title='bbox 1120 907 1183 927; x_wconf 88' lang='lat' dir='ltr'><strong>esse</strong></span> <span class='ocrx_word' id='word_1_197' title='bbox 1211 900 1326 934; x_wconf 76' lang='lat' dir='ltr'><strong>Deum3</strong></span> <span class='ocrx_word' id='word_1_198' title='bbox 1356 901 1443 928; x_wconf 86' lang='lat' dir='ltr'><strong>altera</strong></span> <span class='ocrx_word' id='word_1_199' title='bbox 1469 902 1498 928; x_wconf 85' lang='lat' dir='ltr'><strong>in</strong></span> <span class='ocrx_word' id='word_1_200' title='bbox 1528 908 1638 936; x_wconf 89' lang='lat' dir='ltr'><strong>sensu,</strong></span> 
     </span>
     <span class='ocr_line' id='line_1_18' title="bbox 124 947 1637 986; baseline 0.001 -10"><span class='ocrx_word' id='word_1_201' title='bbox 124 947 185 976; x_wconf 89' lang='lat' dir='ltr'><strong>sive</strong></span> <span class='ocrx_word' id='word_1_202' title='bbox 214 947 458 976; x_wconf 85' lang='lat' dir='ltr'><strong>animadversione</strong></span> <span class='ocrx_word' id='word_1_203' title='bbox 488 949 580 976; x_wconf 77' lang='lat' dir='ltr'><strong>status</strong></span> <span class='ocrx_word' id='word_1_204' title='bbox 611 949 714 977; x_wconf 88' lang='lat' dir='ltr'><strong>mentis</strong></span> <span class='ocrx_word' id='word_1_205' title='bbox 740 957 876 986; x_wconf 87' lang='lat' dir='ltr'><strong>nostrae,</strong></span> <span class='ocrx_word' id='word_1_206' title='bbox 906 950 936 978; x_wconf 90' lang='lat' dir='ltr'><strong>in</strong></span> <span class='ocrx_word' id='word_1_207' title='bbox 968 958 1027 985; x_wconf 89' lang='lat' dir='ltr'><strong>quo</strong></span> <span class='ocrx_word' id='word_1_208' title='bbox 1053 958 1130 978; x_wconf 85' lang='lat' dir='ltr'><strong>nunc</strong></span> <span class='ocrx_word' id='word_1_209' title='bbox 1159 949 1255 985; x_wconf 89' lang='lat' dir='ltr'><strong>ipsum</strong></span> <span class='ocrx_word' id='word_1_210' title='bbox 1281 956 1433 985; x_wconf 74' lang='lat' dir='ltr'><strong>versetur3</strong></span> <span class='ocrx_word' id='word_1_211' title='bbox 1458 950 1508 985; x_wconf 87' lang='lat' dir='ltr'><strong>qui</strong></span> <span class='ocrx_word' id='word_1_212' title='bbox 1528 950 1637 985; x_wconf 84' lang='lat' dir='ltr'><strong>efficit,</strong></span> 
     </span>
     <span class='ocr_line' id='line_1_19' title="bbox 123 997 1638 1039; baseline 0.002 -13"><span class='ocrx_word' id='word_1_213' title='bbox 123 1004 156 1026; x_wconf 88' lang='lat' dir='ltr'><strong>ut</strong></span> <span class='ocrx_word' id='word_1_214' title='bbox 176 997 205 1026; x_wconf 94' lang='lat' dir='ltr'><strong>in</strong></span> <span class='ocrx_word' id='word_1_215' title='bbox 225 998 376 1026; x_wconf 84' lang='lat' dir='ltr'><strong>admodum</strong></span> <span class='ocrx_word' id='word_1_216' title='bbox 397 998 496 1026; x_wconf 86' lang='lat' dir='ltr'><strong>multis</strong></span> <span class='ocrx_word' id='word_1_217' title='bbox 516 999 702 1028; x_wconf 40' lang='lat' dir='ltr'><strong>consentiant*</strong></span> <span class='ocrx_word' id='word_1_218' title='bbox 727 1000 869 1030; x_wconf 82' lang='lat' dir='ltr'><strong>homines.</strong></span> <span class='ocrx_word' id='word_1_219' title='bbox 907 1001 936 1030; x_wconf 91' lang='lat' dir='ltr'><strong>in</strong></span> <span class='ocrx_word' id='word_1_220' title='bbox 965 1001 1010 1029; x_wconf 87' lang='lat' dir='ltr'><strong>his</strong></span> <span class='ocrx_word' id='word_1_221' title='bbox 1040 1001 1114 1030; x_wconf 81' lang='lat' dir='ltr'><strong>enim</strong></span> <span class='ocrx_word' id='word_1_222' title='bbox 1143 1000 1243 1029; x_wconf 85' lang='lat' dir='ltr'><strong>fallere</strong></span> <span class='ocrx_word' id='word_1_223' title='bbox 1272 1007 1332 1029; x_wconf 88' lang='lat' dir='ltr'><strong>non</strong></span> <span class='ocrx_word' id='word_1_224' title='bbox 1360 1001 1431 1028; x_wconf 88' lang='lat' dir='ltr'><strong>adeo</strong></span> <span class='ocrx_word' id='word_1_225' title='bbox 1462 999 1544 1029; x_wconf 85' lang='lat' dir='ltr'><strong>facile</strong></span> <span class='ocrx_word' id='word_1_226' title='bbox 1571 1007 1638 1039; x_wconf 87' lang='lat' dir='ltr'><strong>est,</strong></span> 
     </span>
     <span class='ocr_line' id='line_1_20' title="bbox 124 1048 1636 1087; baseline 0.002 -11"><span class='ocrx_word' id='word_1_227' title='bbox 124 1049 190 1085; x_wconf 76' lang='lat' dir='ltr'><strong>quia</strong></span> <span class='ocrx_word' id='word_1_228' title='bbox 206 1051 321 1077; x_wconf 79' lang='lat' dir='ltr'><strong>nullum</strong></span> <span class='ocrx_word' id='word_1_229' title='bbox 342 1048 491 1077; x_wconf 85' lang='lat' dir='ltr'><strong>intercedit</strong></span> <span class='ocrx_word' id='word_1_230' title='bbox 518 1049 713 1078; x_wconf 85' lang='lat' dir='ltr'><strong>ratiocinium.</strong></span> <span class='ocrx_word' id='word_1_231' title='bbox 754 1051 795 1079; x_wconf 90' lang='lat' dir='ltr'><strong>Ita</strong></span> <span class='ocrx_word' id='word_1_232' title='bbox 816 1051 960 1080; x_wconf 89' lang='lat' dir='ltr'><strong>rarissime</strong></span> <span class='ocrx_word' id='word_1_233' title='bbox 979 1053 1014 1080; x_wconf 89' lang='lat' dir='ltr'><strong>de</strong></span> <span class='ocrx_word' id='word_1_234' title='bbox 1035 1060 1069 1080; x_wconf 90' lang='lat' dir='ltr'><strong>eo</strong></span> <span class='ocrx_word' id='word_1_235' title='bbox 1083 1072 1092 1087; x_wconf 81' lang='lat'>‚</span> <span class='ocrx_word' id='word_1_236' title='bbox 1116 1052 1186 1087; x_wconf 90' lang='lat' dir='ltr'><strong>quid</strong></span> <span class='ocrx_word' id='word_1_237' title='bbox 1208 1052 1315 1079; x_wconf 89' lang='lat' dir='ltr'><strong>bonum</strong></span> <span class='ocrx_word' id='word_1_238' title='bbox 1337 1051 1395 1086; x_wconf 85' lang='lat' dir='ltr'><strong>sit,</strong></span> <span class='ocrx_word' id='word_1_239' title='bbox 1419 1050 1488 1086; x_wconf 89' lang='lat' dir='ltr'><strong>quid</strong></span> <span class='ocrx_word' id='word_1_240' title='bbox 1510 1052 1612 1079; x_wconf 86' lang='lat' dir='ltr'><strong>malum</strong></span> <span class='ocrx_word' id='word_1_241' title='bbox 1625 1071 1636 1086; x_wconf 90' lang='lat'><strong>,</strong></span> 
     </span>
     <span class='ocr_line' id='line_1_21' title="bbox 121 1099 1640 1138; baseline 0.001 -10"><span class='ocrx_word' id='word_1_242' title='bbox 121 1099 294 1129; x_wconf 82' lang='lat' dir='ltr'><strong>dissentiunt</strong></span> <span class='ocrx_word' id='word_1_243' title='bbox 317 1099 465 1128; x_wconf 89' lang='lat' dir='ltr'><strong>homines:</strong></span> <span class='ocrx_word' id='word_1_244' title='bbox 495 1099 542 1128; x_wconf 90' lang='lat' dir='ltr'><strong>hic</strong></span> <span class='ocrx_word' id='word_1_245' title='bbox 564 1109 665 1129; x_wconf 87' lang='lat' dir='ltr'><strong>sensus</strong></span> <span class='ocrx_word' id='word_1_246' title='bbox 686 1109 804 1130; x_wconf 85' lang='lat' dir='ltr'><strong>caussae</strong></span> <span class='ocrx_word' id='word_1_247' title='bbox 825 1109 889 1138; x_wconf 90' lang='lat' dir='ltr'><strong>est,</strong></span> <span class='ocrx_word' id='word_1_248' title='bbox 920 1111 972 1131; x_wconf 91' lang='lat' dir='ltr'><strong>cur</strong></span> <span class='ocrx_word' id='word_1_249' title='bbox 1000 1111 1099 1131; x_wconf 88' lang='lat' dir='ltr'><strong>omnes</strong></span> <span class='ocrx_word' id='word_1_250' title='bbox 1120 1103 1232 1130; x_wconf 88' lang='lat' dir='ltr'><strong>coelum</strong></span> <span class='ocrx_word' id='word_1_251' title='bbox 1255 1101 1346 1130; x_wconf 89' lang='lat' dir='ltr'><strong>stellis</strong></span> <span class='ocrx_word' id='word_1_252' title='bbox 1367 1101 1546 1138; x_wconf 84' lang='lat' dir='ltr'><strong>fulgentibus</strong></span> <span class='ocrx_word' id='word_1_253' title='bbox 1568 1110 1640 1130; x_wconf 90' lang='lat' dir='ltr'><strong>con-</strong></span> 
     </span>
     <span class='ocr_line' id='line_1_22' title="bbox 121 1150 1640 1188; baseline 0.001 -9"><span class='ocrx_word' id='word_1_254' title='bbox 121 1151 208 1179; x_wconf 87' lang='lat' dir='ltr'><strong>situm</strong></span> <span class='ocrx_word' id='word_1_255' title='bbox 230 1150 325 1179; x_wconf 86' lang='lat' dir='ltr'><strong>dicant</strong></span> <span class='ocrx_word' id='word_1_256' title='bbox 345 1152 497 1186; x_wconf 86' lang='lat' dir='ltr'><strong>pulcrum:</strong></span> <span class='ocrx_word' id='word_1_257' title='bbox 528 1151 596 1179; x_wconf 92' lang='lat' dir='ltr'><strong>hinc</strong></span> <span class='ocrx_word' id='word_1_258' title='bbox 618 1151 796 1188; x_wconf 88' lang='lat' dir='ltr'><strong>iudicamus,</strong></span> <span class='ocrx_word' id='word_1_259' title='bbox 819 1153 940 1182; x_wconf 87' lang='lat' dir='ltr'><strong>liberum</strong></span> <span class='ocrx_word' id='word_1_260' title='bbox 961 1153 1047 1182; x_wconf 89' lang='lat' dir='ltr'><strong>nobis</strong></span> <span class='ocrx_word' id='word_1_261' title='bbox 1068 1162 1132 1182; x_wconf 86' lang='lat' dir='ltr'><strong>esse</strong></span> <span class='ocrx_word' id='word_1_262' title='bbox 1152 1153 1322 1188; x_wconf 82' lang='lat' dir='ltr'><strong>arbitrium,</strong></span> <span class='ocrx_word' id='word_1_263' title='bbox 1352 1161 1405 1181; x_wconf 88' lang='lat' dir='ltr'><strong>nos</strong></span> <span class='ocrx_word' id='word_1_264' title='bbox 1432 1161 1494 1181; x_wconf 87' lang='lat' dir='ltr'><strong>esse</strong></span> <span class='ocrx_word' id='word_1_265' title='bbox 1522 1153 1640 1181; x_wconf 90' lang='lat' dir='ltr'><strong>immor-</strong></span> 
     </span>
     <span class='ocr_line' id='line_1_23' title="bbox 119 1201 1639 1240; baseline 0.001 -9"><span class='ocrx_word' id='word_1_266' title='bbox 119 1203 204 1231; x_wconf 77' lang='lat' dir='ltr'><strong>tales.</strong></span> <span class='ocrx_word' id='word_1_267' title='bbox 247 1201 323 1230; x_wconf 75' lang='lat' dir='ltr'><strong>Cum</strong></span> <span class='ocrx_word' id='word_1_268' title='bbox 353 1208 446 1230; x_wconf 87' lang='lat' dir='ltr'><strong>autem</strong></span> <span class='ocrx_word' id='word_1_269' title='bbox 475 1201 618 1237; x_wconf 80' lang='lat' dir='ltr'><strong>dicimus,</strong></span> <span class='ocrx_word' id='word_1_270' title='bbox 648 1209 765 1231; x_wconf 89' lang='lat' dir='ltr'><strong>naturae</strong></span> <span class='ocrx_word' id='word_1_271' title='bbox 791 1203 896 1232; x_wconf 86' lang='lat' dir='ltr'><strong>iudicia</strong></span> <span class='ocrx_word' id='word_1_272' title='bbox 922 1204 1056 1233; x_wconf 89' lang='lat' dir='ltr'><strong>omnibus</strong></span> <span class='ocrx_word' id='word_1_273' title='bbox 1087 1203 1213 1232; x_wconf 89' lang='lat' dir='ltr'><strong>omnium</strong></span> <span class='ocrx_word' id='word_1_274' title='bbox 1239 1203 1366 1240; x_wconf 82' lang='lat' dir='ltr'><strong>gentium</strong></span> <span class='ocrx_word' id='word_1_275' title='bbox 1388 1204 1554 1232; x_wconf 89' lang='lat' dir='ltr'><strong>hominibus</strong></span> <span class='ocrx_word' id='word_1_276' title='bbox 1575 1213 1639 1232; x_wconf 90' lang='lat' dir='ltr'><strong>esse</strong></span> 
     </span>
     <span class='ocr_line' id='line_1_24' title="bbox 120 1251 1637 1291; baseline 0.001 -10"><span class='ocrx_word' id='word_1_277' title='bbox 120 1251 304 1287; x_wconf 78' lang='lat' dir='ltr'><strong>communia,</strong></span> <span class='ocrx_word' id='word_1_278' title='bbox 337 1251 366 1280; x_wconf 88' lang='lat' dir='ltr'><strong>id</strong></span> <span class='ocrx_word' id='word_1_279' title='bbox 395 1261 455 1281; x_wconf 86' lang='lat' dir='ltr'><strong>non</strong></span> <span class='ocrx_word' id='word_1_280' title='bbox 484 1252 523 1281; x_wconf 90' lang='lat' dir='ltr'><strong>ita</strong></span> <span class='ocrx_word' id='word_1_281' title='bbox 552 1252 696 1289; x_wconf 84' lang='lat' dir='ltr'><strong>dicimus,</strong></span> <span class='ocrx_word' id='word_1_282' title='bbox 728 1260 760 1282; x_wconf 90' lang='lat' dir='ltr'><strong>ut</strong></span> <span class='ocrx_word' id='word_1_283' title='bbox 785 1256 899 1284; x_wconf 84' lang='lat' dir='ltr'><strong>nullum</strong></span> <span class='ocrx_word' id='word_1_284' title='bbox 930 1264 1065 1291; x_wconf 84' lang='lat' dir='ltr'><strong>putemus</strong></span> <span class='ocrx_word' id='word_1_285' title='bbox 1094 1255 1178 1284; x_wconf 86' lang='lat' dir='ltr'><strong>ullibi</strong></span> <span class='ocrx_word' id='word_1_286' title='bbox 1200 1255 1327 1291; x_wconf 90' lang='lat' dir='ltr'><strong>gentium</strong></span> <span class='ocrx_word' id='word_1_287' title='bbox 1348 1263 1411 1283; x_wconf 88' lang='lat' dir='ltr'><strong>esse</strong></span> <span class='ocrx_word' id='word_1_288' title='bbox 1432 1264 1521 1291; x_wconf 84' lang='lat' dir='ltr'><strong>posse</strong></span> <span class='ocrx_word' id='word_1_289' title='bbox 1541 1255 1637 1282; x_wconf 82' lang='lat' dir='ltr'><strong>homi-</strong></span> 
     </span>
     <span class='ocr_line' id='line_1_25' title="bbox 119 1303 1636 1342; baseline 0.001 -10"><span class='ocrx_word' id='word_1_290' title='bbox 119 1312 205 1338; x_wconf 89' lang='lat' dir='ltr'><strong>nem,</strong></span> <span class='ocrx_word' id='word_1_291' title='bbox 235 1303 284 1339; x_wconf 91' lang='lat' dir='ltr'><strong>qui</strong></span> <span class='ocrx_word' id='word_1_292' title='bbox 311 1303 369 1331; x_wconf 88' lang='lat' dir='ltr'><strong>illis</strong></span> <span class='ocrx_word' id='word_1_293' title='bbox 397 1312 458 1332; x_wconf 89' lang='lat' dir='ltr'><strong>non</strong></span> <span class='ocrx_word' id='word_1_294' title='bbox 485 1303 677 1333; x_wconf 83' lang='lat' dir='ltr'><strong>assentiatur:</strong></span> <span class='ocrx_word' id='word_1_295' title='bbox 707 1308 788 1340; x_wconf 83' lang='lat' dir='ltr'><strong>quod</strong></span> <span class='ocrx_word' id='word_1_296' title='bbox 815 1314 868 1334; x_wconf 84' lang='lat' dir='ltr'><strong>nec</strong></span> <span class='ocrx_word' id='word_1_297' title='bbox 897 1314 1009 1335; x_wconf 87' lang='lat' dir='ltr'><strong>veteres</strong></span> <span class='ocrx_word' id='word_1_298' title='bbox 1038 1306 1209 1342; x_wconf 87' lang='lat' dir='ltr'><strong>philosophi</strong></span> <span class='ocrx_word' id='word_1_299' title='bbox 1238 1306 1275 1334; x_wconf 91' lang='lat' dir='ltr'><strong>ita</strong></span> <span class='ocrx_word' id='word_1_300' title='bbox 1307 1312 1492 1335; x_wconf 86' lang='lat' dir='ltr'><strong>statuerunt:</strong></span> <span class='ocrx_word' id='word_1_301' title='bbox 1527 1314 1636 1341; x_wconf 86' lang='lat' dir='ltr'><strong>paucos</strong></span> 
     </span>
     <span class='ocr_line' id='line_1_26' title="bbox 120 1353 1639 1393; baseline 0.001 -10"><span class='ocrx_word' id='word_1_302' title='bbox 120 1353 232 1389; x_wconf 84' lang='lat' dir='ltr'><strong>excipi,</strong></span> <span class='ocrx_word' id='word_1_303' title='bbox 254 1362 313 1383; x_wconf 89' lang='lat' dir='ltr'><strong>non</strong></span> <span class='ocrx_word' id='word_1_304' title='bbox 334 1361 539 1390; x_wconf 85' lang='lat' dir='ltr'><strong>repugnamus.</strong></span> <span class='ocrx_word' id='word_1_305' title='bbox 570 1355 646 1392; x_wconf 88' lang='lat' dir='ltr'><strong>Quis</strong></span> <span class='ocrx_word' id='word_1_306' title='bbox 669 1355 742 1384; x_wconf 89' lang='lat' dir='ltr'><strong>enim</strong></span> <span class='ocrx_word' id='word_1_307' title='bbox 762 1363 865 1392; x_wconf 80' lang='lat' dir='ltr'><strong>neget,</strong></span> <span class='ocrx_word' id='word_1_308' title='bbox 888 1358 1044 1385; x_wconf 89' lang='lat' dir='ltr'><strong>nonnullos</strong></span> <span class='ocrx_word' id='word_1_309' title='bbox 1066 1366 1128 1385; x_wconf 90' lang='lat' dir='ltr'><strong>esse</strong></span> <span class='ocrx_word' id='word_1_310' title='bbox 1149 1365 1235 1393; x_wconf 79' lang='lat' dir='ltr'><strong>posse</strong></span> <span class='ocrx_word' id='word_1_311' title='bbox 1257 1357 1410 1392; x_wconf 87' lang='lat' dir='ltr'><strong>homines,</strong></span> <span class='ocrx_word' id='word_1_312' title='bbox 1433 1357 1483 1392; x_wconf 89' lang='lat' dir='ltr'><strong>qui</strong></span> <span class='ocrx_word' id='word_1_313' title='bbox 1504 1357 1564 1386; x_wconf 89' lang='lat' dir='ltr'><strong>sive</strong></span> <span class='ocrx_word' id='word_1_314' title='bbox 1581 1365 1639 1384; x_wconf 83' lang='lat' dir='ltr'><strong>ma-</strong></span> 
     </span>
     <span class='ocr_line' id='line_1_27' title="bbox 121 1404 1636 1443; baseline 0.001 -9"><span class='ocrx_word' id='word_1_315' title='bbox 121 1407 166 1434; x_wconf 87' lang='lat' dir='ltr'><strong>lae</strong></span> <span class='ocrx_word' id='word_1_316' title='bbox 185 1404 310 1437; x_wconf 80' lang='lat' dir='ltr'><strong>indolis,</strong></span> <span class='ocrx_word' id='word_1_317' title='bbox 332 1405 392 1433; x_wconf 88' lang='lat' dir='ltr'><strong>sive</strong></span> <span class='ocrx_word' id='word_1_318' title='bbox 413 1413 565 1440; x_wconf 82' lang='lat' dir='ltr'><strong>pravorum</strong></span> <span class='ocrx_word' id='word_1_319' title='bbox 587 1405 761 1441; x_wconf 81' lang='lat' dir='ltr'><strong>affectuum,</strong></span> <span class='ocrx_word' id='word_1_320' title='bbox 783 1407 845 1435; x_wconf 88' lang='lat' dir='ltr'><strong>sive</strong></span> <span class='ocrx_word' id='word_1_321' title='bbox 866 1416 1017 1443; x_wconf 83' lang='lat' dir='ltr'><strong>perversae</strong></span> <span class='ocrx_word' id='word_1_322' title='bbox 1038 1407 1237 1443; x_wconf 82' lang='lat' dir='ltr'><strong>educationis,</strong></span> <span class='ocrx_word' id='word_1_323' title='bbox 1270 1408 1332 1437; x_wconf 85' lang='lat' dir='ltr'><strong>sive</strong></span> <span class='ocrx_word' id='word_1_324' title='bbox 1352 1408 1476 1436; x_wconf 86' lang='lat' dir='ltr'><strong>infelicis</strong></span> <span class='ocrx_word' id='word_1_325' title='bbox 1501 1407 1636 1436; x_wconf 76' lang='lat' dir='ltr'><strong>nativita-</strong></span> 
     </span>
     <span class='ocr_line' id='line_1_28' title="bbox 125 1454 1639 1493; baseline 0 -8"><span class='ocrx_word' id='word_1_326' title='bbox 125 1457 184 1492; x_wconf 82' lang='lat' dir='ltr'><strong>tis,</strong></span> <span class='ocrx_word' id='word_1_327' title='bbox 207 1455 268 1484; x_wconf 87' lang='lat' dir='ltr'><strong>sive</strong></span> <span class='ocrx_word' id='word_1_328' title='bbox 288 1454 458 1491; x_wconf 86' lang='lat' dir='ltr'><strong>opinionum</strong></span> <span class='ocrx_word' id='word_1_329' title='bbox 480 1455 732 1491; x_wconf 59' lang='lat' dir='ltr'><strong>praeiudicata-um</strong></span> <span class='ocrx_word' id='word_1_330' title='bbox 756 1457 788 1486; x_wconf 88' lang='lat' dir='ltr'><strong>vi</strong></span> <span class='ocrx_word' id='word_1_331' title='bbox 807 1458 920 1493; x_wconf 84' lang='lat' dir='ltr'><strong>coacti,</strong></span> <span class='ocrx_word' id='word_1_332' title='bbox 943 1458 1042 1487; x_wconf 86' lang='lat' dir='ltr'><strong>aliisve</strong></span> <span class='ocrx_word' id='word_1_333' title='bbox 1065 1460 1099 1487; x_wconf 86' lang='lat' dir='ltr'><strong>de</strong></span> <span class='ocrx_word' id='word_1_334' title='bbox 1119 1459 1250 1493; x_wconf 81' lang='lat' dir='ltr'><strong>caussis,</strong></span> <span class='ocrx_word' id='word_1_335' title='bbox 1265 1459 1303 1487; x_wconf 84' lang='lat' dir='ltr'><strong>ita</strong></span> <span class='ocrx_word' id='word_1_336' title='bbox 1316 1468 1367 1488; x_wconf 85' lang='lat' dir='ltr'><strong>sua</strong></span> <span class='ocrx_word' id='word_1_337' title='bbox 1387 1458 1538 1488; x_wconf 79' lang='lat' dir='ltr'><strong>instituant</strong></span> <span class='ocrx_word' id='word_1_338' title='bbox 1551 1458 1639 1486; x_wconf 81' lang='lat' dir='ltr'><strong>ratio-</strong></span> 
     </span>
     <span class='ocr_line' id='line_1_29' title="bbox 121 1507 1296 1546; baseline 0.002 -10"><span class='ocrx_word' id='word_1_339' title='bbox 121 1507 216 1542; x_wconf 80' lang='lat' dir='ltr'><strong>cinia,</strong></span> <span class='ocrx_word' id='word_1_340' title='bbox 236 1513 269 1535; x_wconf 87' lang='lat' dir='ltr'><strong>ut</strong></span> <span class='ocrx_word' id='word_1_341' title='bbox 290 1512 369 1534; x_wconf 84' lang='lat' dir='ltr'><strong>exeat</strong></span> <span class='ocrx_word' id='word_1_342' title='bbox 389 1515 498 1535; x_wconf 87' lang='lat' dir='ltr'><strong>summa</strong></span> <span class='ocrx_word' id='word_1_343' title='bbox 514 1515 530 1535; x_wconf 87' lang='lat' dir='ltr'><strong>a</strong></span> <span class='ocrx_word' id='word_1_344' title='bbox 549 1507 697 1535; x_wconf 85' lang='lat' dir='ltr'><strong>communi</strong></span> <span class='ocrx_word' id='word_1_345' title='bbox 717 1509 845 1537; x_wconf 89' lang='lat' dir='ltr'><strong>omnium</strong></span> <span class='ocrx_word' id='word_1_346' title='bbox 866 1509 1042 1544; x_wconf 87' lang='lat' dir='ltr'><strong>reliquorum</strong></span> <span class='ocrx_word' id='word_1_347' title='bbox 1063 1511 1151 1546; x_wconf 80' lang='lat' dir='ltr'><strong>longe</strong></span> <span class='ocrx_word' id='word_1_348' title='bbox 1171 1509 1296 1539; x_wconf 83' lang='lat' dir='ltr'><strong>diversa.</strong></span> 
     </span>
    </p>

    <p class='ocr_par' dir='ltr' id='par_1_4' title="bbox 117 1557 1635 1851">
     <span class='ocr_line' id='line_1_30' title="bbox 158 1557 1633 1597; baseline 0.001 -9"><span class='ocrx_word' id='word_1_349' title='bbox 158 1558 234 1587; x_wconf 88' lang='lat' dir='ltr'><strong>Sunt</strong></span> <span class='ocrx_word' id='word_1_350' title='bbox 253 1557 341 1593; x_wconf 87' lang='lat' dir='ltr'><strong>igitur</strong></span> <span class='ocrx_word' id='word_1_351' title='bbox 360 1557 578 1593; x_wconf 86' lang='lat' dir='ltr'><strong>anticipationes</strong></span> <span class='ocrx_word' id='word_1_352' title='bbox 590 1578 601 1593; x_wconf 80' lang='lat'><strong>,</strong></span> <span class='ocrx_word' id='word_1_353' title='bbox 622 1558 684 1586; x_wconf 88' lang='lat' dir='ltr'><strong>sive</strong></span> <span class='ocrx_word' id='word_1_354' title='bbox 704 1558 810 1588; x_wconf 89' lang='lat' dir='ltr'><strong>iudicia</strong></span> <span class='ocrx_word' id='word_1_355' title='bbox 831 1559 965 1588; x_wconf 85' lang='lat' dir='ltr'><strong>omnibus</strong></span> <span class='ocrx_word' id='word_1_356' title='bbox 986 1560 1148 1589; x_wconf 88' lang='lat' dir='ltr'><strong>communia</strong></span> <span class='ocrx_word' id='word_1_357' title='bbox 1160 1581 1171 1596; x_wconf 86' lang='lat'><strong>,</strong></span> <span class='ocrx_word' id='word_1_358' title='bbox 1200 1561 1267 1589; x_wconf 85' lang='lat' dir='ltr'><strong>talia</strong></span> <span class='ocrx_word' id='word_1_359' title='bbox 1286 1561 1391 1590; x_wconf 89' lang='lat' dir='ltr'><strong>iudicia</strong></span> <span class='ocrx_word' id='word_1_360' title='bbox 1404 1581 1414 1597; x_wconf 93' lang='lat'><strong>‚</strong></span> <span class='ocrx_word' id='word_1_361' title='bbox 1437 1569 1509 1596; x_wconf 83' lang='lat' dir='ltr'><strong>quae</strong></span> <span class='ocrx_word' id='word_1_362' title='bbox 1530 1560 1568 1589; x_wconf 84' lang='lat' dir='ltr'><strong>ita</strong></span> <span class='ocrx_word' id='word_1_363' title='bbox 1587 1569 1633 1589; x_wconf 85' lang='lat' dir='ltr'><strong>ra-</strong></span> 
     </span>
     <span class='ocr_line' id='line_1_31' title="bbox 118 1607 1632 1648; baseline -0.001 -8"><span class='ocrx_word' id='word_1_364' title='bbox 118 1609 219 1640; x_wconf 86' lang='lat' dir='ltr'><strong>tionali</strong></span> <span class='ocrx_word' id='word_1_365' title='bbox 238 1607 363 1637; x_wconf 89' lang='lat' dir='ltr'><strong>hominis</strong></span> <span class='ocrx_word' id='word_1_366' title='bbox 384 1615 500 1637; x_wconf 83' lang='lat' dir='ltr'><strong>naturae</strong></span> <span class='ocrx_word' id='word_1_367' title='bbox 521 1609 718 1645; x_wconf 72' lang='lat' dir='ltr'><strong>conveniant,</strong></span> <span class='ocrx_word' id='word_1_368' title='bbox 747 1617 780 1639; x_wconf 92' lang='lat' dir='ltr'><strong>ut</strong></span> <span class='ocrx_word' id='word_1_369' title='bbox 809 1611 982 1640; x_wconf 85' lang='lat' dir='ltr'><strong>contrarium</strong></span> <span class='ocrx_word' id='word_1_370' title='bbox 1005 1611 1030 1640; x_wconf 91' lang='lat' dir='ltr'><strong>si</strong></span> <span class='ocrx_word' id='word_1_371' title='bbox 1049 1618 1174 1647; x_wconf 83' lang='lat' dir='ltr'><strong>statuat,</strong></span> <span class='ocrx_word' id='word_1_372' title='bbox 1205 1612 1276 1641; x_wconf 86' lang='lat' dir='ltr'><strong>ratio</strong></span> <span class='ocrx_word' id='word_1_373' title='bbox 1299 1620 1396 1641; x_wconf 87' lang='lat' dir='ltr'><strong>secum</strong></span> <span class='ocrx_word' id='word_1_374' title='bbox 1417 1618 1528 1648; x_wconf 84' lang='lat' dir='ltr'><strong>pugnet</strong></span> <span class='ocrx_word' id='word_1_375' title='bbox 1548 1611 1632 1647; x_wconf 84' lang='lat' dir='ltr'><strong>ipsa,</strong></span> 
     </span>
     <span class='ocr_line' id='line_1_32' title="bbox 118 1659 1635 1699; baseline -0.001 -8"><span class='ocrx_word' id='word_1_376' title='bbox 118 1661 205 1691; x_wconf 73' lang='lat' dir='ltr'><strong>simul</strong></span> <span class='ocrx_word' id='word_1_377' title='bbox 222 1660 262 1688; x_wconf 90' lang='lat' dir='ltr'><strong>-ita</strong></span> <span class='ocrx_word' id='word_1_378' title='bbox 283 1659 340 1687; x_wconf 90' lang='lat' dir='ltr'><strong>sint</strong></span> <span class='ocrx_word' id='word_1_379' title='bbox 362 1666 540 1695; x_wconf 85' lang='lat' dir='ltr'><strong>spontanea,</strong></span> <span class='ocrx_word' id='word_1_380' title='bbox 564 1666 596 1688; x_wconf 90' lang='lat' dir='ltr'><strong>ut</strong></span> <span class='ocrx_word' id='word_1_381' title='bbox 615 1660 678 1689; x_wconf 89' lang='lat' dir='ltr'><strong>sine</strong></span> <span class='ocrx_word' id='word_1_382' title='bbox 698 1662 758 1690; x_wconf 66' lang='lat' dir='ltr'><strong>ulla</strong></span> <span class='ocrx_word' id='word_1_383' title='bbox 778 1668 837 1690; x_wconf 88' lang='lat' dir='ltr'><strong>arte</strong></span> <span class='ocrx_word' id='word_1_384' title='bbox 865 1670 893 1690; x_wconf 89' lang='lat' dir='ltr'><strong>et</strong></span> <span class='ocrx_word' id='word_1_385' title='bbox 922 1662 1062 1691; x_wconf 68' lang='lat' dir='ltr'><strong>industria</strong></span> <span class='ocrx_word' id='word_1_386' title='bbox 1092 1662 1148 1698; x_wconf 77' lang='lat' dir='ltr'><strong>ipsi</strong></span> <span class='ocrx_word' id='word_1_387' title='bbox 1172 1663 1357 1692; x_wconf 86' lang='lat' dir='ltr'><strong>innascantur</strong></span> <span class='ocrx_word' id='word_1_388' title='bbox 1376 1672 1387 1699; x_wconf 87' lang='lat'>;</span> <span class='ocrx_word' id='word_1_389' title='bbox 1420 1671 1506 1698; x_wconf 89' lang='lat' dir='ltr'><strong>quare</strong></span> <span class='ocrx_word' id='word_1_390' title='bbox 1535 1662 1565 1690; x_wconf 91' lang='lat' dir='ltr'><strong>in</strong></span> <span class='ocrx_word' id='word_1_391' title='bbox 1600 1662 1635 1689; x_wconf 90' lang='lat' dir='ltr'><strong>iis</strong></span> 
     </span>
     <span class='ocr_line' id='line_1_33' title="bbox 118 1710 1633 1749; baseline -0.001 -8"><span class='ocrx_word' id='word_1_392' title='bbox 118 1711 300 1741; x_wconf 84' lang='lat' dir='ltr'><strong>consentiant</strong></span> <span class='ocrx_word' id='word_1_393' title='bbox 319 1717 419 1738; x_wconf 88' lang='lat' dir='ltr'><strong>omnes</strong></span> <span class='ocrx_word' id='word_1_394' title='bbox 441 1710 566 1737; x_wconf 84' lang='lat' dir='ltr'><strong>omnium</strong></span> <span class='ocrx_word' id='word_1_395' title='bbox 588 1711 716 1747; x_wconf 87' lang='lat' dir='ltr'><strong>gentium</strong></span> <span class='ocrx_word' id='word_1_396' title='bbox 736 1712 879 1741; x_wconf 88' lang='lat' dir='ltr'><strong>homines.</strong></span> <span class='ocrx_word' id='word_1_397' title='bbox 909 1713 952 1741; x_wconf 86' lang='lat' dir='ltr'><strong>Ut</strong></span> <span class='ocrx_word' id='word_1_398' title='bbox 972 1720 1065 1741; x_wconf 88' lang='lat' dir='ltr'><strong>autem</strong></span> <span class='ocrx_word' id='word_1_399' title='bbox 1087 1714 1156 1741; x_wconf 82' lang='lat' dir='ltr'><strong>haec</strong></span> <span class='ocrx_word' id='word_1_400' title='bbox 1176 1714 1281 1742; x_wconf 78' lang='lat' dir='ltr'><strong>melius</strong></span> <span class='ocrx_word' id='word_1_401' title='bbox 1302 1713 1516 1749; x_wconf 86' lang='lat' dir='ltr'><strong>percipiantur,</strong></span> <span class='ocrx_word' id='word_1_402' title='bbox 1539 1720 1633 1740; x_wconf 79' lang='lat' dir='ltr'><strong>exem-</strong></span> 
     </span>
     <span class='ocr_line' id='line_1_34' title="bbox 118 1760 1633 1799; baseline -0.001 -8"><span class='ocrx_word' id='word_1_403' title='bbox 118 1762 177 1799; x_wconf 89' lang='lat' dir='ltr'><strong>plis</strong></span> <span class='ocrx_word' id='word_1_404' title='bbox 196 1761 338 1790; x_wconf 85' lang='lat' dir='ltr'><strong>illustrare</strong></span> <span class='ocrx_word' id='word_1_405' title='bbox 358 1769 507 1789; x_wconf 87' lang='lat' dir='ltr'><strong>conemur.</strong></span> <span class='ocrx_word' id='word_1_406' title='bbox 548 1760 603 1789; x_wconf 89' lang='lat' dir='ltr'><strong>Uti</strong></span> <span class='ocrx_word' id='word_1_407' title='bbox 623 1763 731 1797; x_wconf 81' lang='lat' dir='ltr'><strong>duplex</strong></span> <span class='ocrx_word' id='word_1_408' title='bbox 750 1769 848 1798; x_wconf 87' lang='lat' dir='ltr'><strong>potest</strong></span> <span class='ocrx_word' id='word_1_409' title='bbox 868 1772 930 1791; x_wconf 91' lang='lat' dir='ltr'><strong>esse</strong></span> <span class='ocrx_word' id='word_1_410' title='bbox 951 1763 1049 1792; x_wconf 81' lang='lat' dir='ltr'><strong>harum</strong></span> <span class='ocrx_word' id='word_1_411' title='bbox 1070 1763 1306 1799; x_wconf 86' lang='lat' dir='ltr'><strong>anticipationum</strong></span> <span class='ocrx_word' id='word_1_412' title='bbox 1327 1763 1415 1798; x_wconf 73' lang='lat' dir='ltr'><strong>Fons,</strong></span> <span class='ocrx_word' id='word_1_413' title='bbox 1439 1761 1633 1798; x_wconf 84' lang='lat' dir='ltr'><strong>intelligentia-</strong></span> 
     </span>
     <span class='ocr_line' id='line_1_35' title="bbox 117 1810 1631 1851; baseline 0 -10"><span class='ocrx_word' id='word_1_414' title='bbox 117 1819 147 1841; x_wconf 76' lang='grc' dir='ltr'><strong>ει</strong></span> <span class='ocrx_word' id='word_1_415' title='bbox 167 1820 269 1842; x_wconf 83' lang='lat' dir='ltr'><strong>sensus</strong></span> <span class='ocrx_word' id='word_1_416' title='bbox 289 1811 440 1846; x_wconf 77' lang='lat' dir='ltr'><strong>internus3</strong></span> <span class='ocrx_word' id='word_1_417' title='bbox 463 1810 502 1840; x_wconf 87' lang='lat' dir='ltr'><strong>ita</strong></span> <span class='ocrx_word' id='word_1_418' title='bbox 521 1812 630 1849; x_wconf 83' lang='lat' dir='ltr'><strong>duplex</strong></span> <span class='ocrx_word' id='word_1_419' title='bbox 651 1821 746 1842; x_wconf 87' lang='lat' dir='ltr'><strong>earum</strong></span> <span class='ocrx_word' id='word_1_420' title='bbox 767 1819 811 1842; x_wconf 88' lang='lat' dir='ltr'><strong>est</strong></span> <span class='ocrx_word' id='word_1_421' title='bbox 831 1822 937 1851; x_wconf 87' lang='lat' dir='ltr'><strong>genus.</strong></span> <span class='ocrx_word' id='word_1_422' title='bbox 969 1820 1023 1850; x_wconf 86' lang='lat' dir='ltr'><strong>pro</strong></span> <span class='ocrx_word' id='word_1_423' title='bbox 1053 1814 1164 1851; x_wconf 89' lang='lat' dir='ltr'><strong>duplici</strong></span> <span class='ocrx_word' id='word_1_424' title='bbox 1191 1823 1295 1851; x_wconf 85' lang='lat' dir='ltr'><strong>genere</strong></span> <span class='ocrx_word' id='word_1_425' title='bbox 1321 1815 1427 1851; x_wconf 83' lang='lat' dir='ltr'><strong>duplex</strong></span> <span class='ocrx_word' id='word_1_426' title='bbox 1453 1812 1631 1851; x_wconf 80' lang='lat' dir='ltr'><strong>proferamus</strong></span> 
     </span>
    </p>
   </div>
   <div class='ocr_carea' id='block_1_4' title="bbox 121 1865 296 1900">
    <p class='ocr_par' dir='ltr' id='par_1_5' title="bbox 121 1865 296 1900">
     <span class='ocr_line' id='line_1_36' title="bbox 121 1865 296 1900; baseline -0.017 -6"><span class='ocrx_word' id='word_1_427' title='bbox 121 1865 296 1900; x_wconf 83' lang='lat' dir='ltr'><strong>exemplum.</strong></span> 
     </span>
    </p>
   </div>
   <div class='ocr_carea' id='block_1_5' title="bbox 122 1939 1635 2030">
    <p class='ocr_par' dir='ltr' id='par_1_6' title="bbox 122 1939 1635 2030">
     <span class='ocr_line' id='line_1_37' title="bbox 160 1939 1635 1982; baseline 0 -12"><span class='ocrx_word' id='word_1_428' title='bbox 160 1940 270 1970; x_wconf 90' lang='lat' dir='ltr'><strong>Omnes</strong></span> <span class='ocrx_word' id='word_1_429' title='bbox 292 1939 446 1974; x_wconf 84' lang='lat' dir='ltr'><strong>homines,</strong></span> <span class='ocrx_word' id='word_1_430' title='bbox 468 1939 650 1976; x_wconf 84' lang='lat' dir='ltr'><strong>paucissimis</strong></span> <span class='ocrx_word' id='word_1_431' title='bbox 669 1947 746 1970; x_wconf 85' lang='lat' dir='ltr'><strong>certe</strong></span> <span class='ocrx_word' id='word_1_432' title='bbox 764 1940 911 1978; x_wconf 81' lang='lat' dir='ltr'><strong>exceptis,</strong></span> <span class='ocrx_word' id='word_1_433' title='bbox 932 1950 976 1972; x_wconf 80' lang='lat' dir='ltr'><strong>res</strong></span> <span class='ocrx_word' id='word_1_434' title='bbox 998 1943 1097 1973; x_wconf 89' lang='lat' dir='ltr'><strong>dicunt</strong></span> <span class='ocrx_word' id='word_1_435' title='bbox 1116 1953 1172 1973; x_wconf 73' lang='lat' dir='ltr'><strong>esse</strong></span> <span class='ocrx_word' id='word_1_436' title='bbox 1190 1951 1334 1982; x_wconf 60' lang='lat' dir='ltr'><strong>externas.</strong></span> <span class='ocrx_word' id='word_1_437' title='bbox 1374 1944 1408 1973; x_wconf 92' lang='lat' dir='ltr'><strong>Id</strong></span> <span class='ocrx_word' id='word_1_438' title='bbox 1430 1942 1469 1972; x_wconf 87' lang='lat' dir='ltr'><strong>ita</strong></span> <span class='ocrx_word' id='word_1_439' title='bbox 1493 1950 1556 1971; x_wconf 88' lang='lat' dir='ltr'><strong>esse</strong></span> <span class='ocrx_word' id='word_1_440' title='bbox 1573 1951 1635 1970; x_wconf 84' lang='lat' dir='ltr'><strong>cre-</strong></span> 
     </span>
     <span class='ocr_line' id='line_1_38' title="bbox 122 1990 1631 2030; baseline -0.001 -10"><span class='ocrx_word' id='word_1_441' title='bbox 122 1993 178 2026; x_wconf 66' lang='lat' dir='ltr'><strong>do,</strong></span> <span class='ocrx_word' id='word_1_442' title='bbox 202 1990 268 2026; x_wconf 87' lang='lat' dir='ltr'><strong>quia</strong></span> <span class='ocrx_word' id='word_1_443' title='bbox 293 1990 335 2019; x_wconf 91' lang='lat' dir='ltr'><strong>sic</strong></span> <span class='ocrx_word' id='word_1_444' title='bbox 364 1997 408 2019; x_wconf 88' lang='lat' dir='ltr'><strong>est</strong></span> <span class='ocrx_word' id='word_1_445' title='bbox 438 1998 601 2027; x_wconf 85' lang='lat' dir='ltr'><strong>comparata</strong></span> <span class='ocrx_word' id='word_1_446' title='bbox 624 1991 813 2029; x_wconf 84' lang='lat' dir='ltr'><strong>intelligentia</strong></span> <span class='ocrx_word' id='word_1_447' title='bbox 831 2002 915 2030; x_wconf 85' lang='lat' dir='ltr'><strong>mea,</strong></span> <span class='ocrx_word' id='word_1_448' title='bbox 941 2001 973 2022; x_wconf 80' lang='lat' dir='ltr'><strong>ut</strong></span> <span class='ocrx_word' id='word_1_449' title='bbox 1000 2003 1106 2030; x_wconf 90' lang='lat' dir='ltr'><strong>sponte</strong></span> <span class='ocrx_word' id='word_1_450' title='bbox 1131 1996 1170 2024; x_wconf 86' lang='lat' dir='ltr'><strong>ita</strong></span> <span class='ocrx_word' id='word_1_451' title='bbox 1190 2002 1326 2025; x_wconf 85' lang='lat' dir='ltr'><strong>statuam.</strong></span> <span class='ocrx_word' id='word_1_452' title='bbox 1366 1994 1424 2023; x_wconf 86' lang='lat' dir='ltr'><strong>nisi</strong></span> <span class='ocrx_word' id='word_1_453' title='bbox 1444 1994 1533 2030; x_wconf 87' lang='lat' dir='ltr'><strong>igitur</strong></span> <span class='ocrx_word' id='word_1_454' title='bbox 1547 1992 1631 2020; x_wconf 79' lang='lat' dir='ltr'><strong>iustis</strong></span> 
     </span>
    </p>
   </div>
   <div class='ocr_carea' id='block_1_6' title="bbox 124 2041 1636 2125">
    <p class='ocr_par' dir='ltr' id='par_1_7' title="bbox 124 2041 1636 2125">
     <span class='ocr_line' id='line_1_39' title="bbox 124 2041 1636 2081; baseline -0.001 -9"><span class='ocrx_word' id='word_1_455' title='bbox 124 2041 299 2072; x_wconf 82' lang='lat' dir='ltr'><strong>contrarium</strong></span> <span class='ocrx_word' id='word_1_456' title='bbox 319 2041 533 2071; x_wconf 88' lang='lat' dir='ltr'><strong>demonstretur</strong></span> <span class='ocrx_word' id='word_1_457' title='bbox 556 2043 752 2081; x_wconf 85' lang='lat' dir='ltr'><strong>argumentis,</strong></span> <span class='ocrx_word' id='word_1_458' title='bbox 784 2044 814 2074; x_wconf 89' lang='lat' dir='ltr'><strong>in</strong></span> <span class='ocrx_word' id='word_1_459' title='bbox 841 2045 984 2074; x_wconf 77' lang='lat' dir='ltr'><strong>sententia</strong></span> <span class='ocrx_word' id='word_1_460' title='bbox 1008 2048 1071 2075; x_wconf 74' lang='lat' dir='ltr'><strong>mea</strong></span> <span class='ocrx_word' id='word_1_461' title='bbox 1094 2046 1227 2076; x_wconf 87' lang='lat' dir='ltr'><strong>manebo.</strong></span> <span class='ocrx_word' id='word_1_462' title='bbox 1268 2046 1335 2075; x_wconf 76' lang='lat' dir='ltr'><strong>Nos</strong></span> <span class='ocrx_word' id='word_1_463' title='bbox 1353 2051 1447 2073; x_wconf 82' lang='lat' dir='ltr'><strong>autem</strong></span> <span class='ocrx_word' id='word_1_464' title='bbox 1468 2051 1560 2071; x_wconf 86' lang='lat' dir='ltr'><strong>errare</strong></span> <span class='ocrx_word' id='word_1_465' title='bbox 1578 2051 1636 2079; x_wconf 88' lang='lat' dir='ltr'><strong>pu·</strong></span> 
     </span>
     <span class='ocr_line' id='line_1_40' title="bbox 947 2097 1635 2125; baseline -0.007 0"><span class='ocrx_word' id='word_1_466' title='bbox 947 2097 975 2125; x_wconf 96' lang='lat' dir='ltr'>D</span> <span class='ocrx_word' id='word_1_467' title='bbox 1594 2098 1635 2121; x_wconf 83' lang='lat' dir='ltr'><strong>tat</strong></span> 
     </span>
    </p>
   </div>
  </div>
 </body>
</html>
