1930 2448
346 1144 373 1177 §.
382 1150 413 1177 ·3.

839 130 1381 160 CONSPECTUS

486 213 510 241 1.
535 211 673 246 Sapienter
691 215 810 236 auctores
829 210 897 236 sacri
915 210 995 235 multa
1019 207 1183 235 auditoribus
1202 209 1308 241 cognita
1326 214 1487 237 sumserunt.
1677 228 1686 237 .
1835 216 1868 244 19

474 259 510 286 11.
535 258 602 284 Tota
629 256 733 283 dicendi
762 257 865 288 forma,
890 257 915 282 in
941 256 1016 281 libris
1038 255 1120 282 sacris
1149 257 1246 288 obvia,
1271 257 1398 283 abhorret
1423 265 1436 284 a
1459 257 1685 290 Philosophorum
1704 256 1765 283 snb·

535 305 640 332 tilitate.
1834 309 1869 330 20

534 353 568 378 A.
596 353 698 384 Lingua
714 357 829 384 nempe,
847 358 897 383 qna
914 350 956 375 usi
976 357 1035 375 sun:
1053 356 1178 375 auctores
1198 351 1286 381 sacri,
1313 357 1351 377 est
1370 351 1522 377 Orientalis.
1757 368 1766 381 .
1804 380 1818 385 ,Α
1833 358 1868 376 20

532 399 564 425 B.
591 397 631 424 Ad
649 405 724 423 usum
742 397 768 422 in
785 398 838 423 vita
857 397 989 422 communi
1007 381 1145 432 recepsslum
1164 403 1192 422 se
1209 397 1451 424 accommodarunt.
1830 403 1860 422 at

536 447 568 472 C.
595 446 676 471 Erant
704 443 927 476 Philosophorum
955 443 1060 468 Scholis
1087 433 1140 468 uon
1167 443 1309 475 innutriti,
1333 449 1413 475 atque
1436 444 1468 469 ab
1492 442 1649 469 eruditionis
1679 443 1765 475 gloria

590 492 680 518 alieni.
740 508 748 517 .
817 508 826 517 .
893 508 902 517 .
971 507 979 515 ·
1054 507 1062 516 .
1132 507 1141 517 .
1209 507 1220 517 .
1287 508 1298 517 .
1365 508 1374 516 .
1444 508 1452 516 .
1522 506 1532 516 .
1601 509 1609 517 .
1679 507 1687 517 .
1756 507 1767 518 .
1834 495 1864 515 21

533 539 568 565 D.
592 539 763 570 Ubicumque
782 544 809 563 et
828 532 998 570 quoc'umque
1019 544 1139 570 tempore
1159 535 1316 563 docuerunt.
1833 543 1865 562 22

457 585 508 613 111.
532 587 602 611 Usus
626 583 753 617 loquendi
778 586 803 610 in
830 585 905 610 libris
923 585 1006 610 sacris
1024 590 1220 615 nonnumquam
1238 590 1281 609 aut
1297 583 1397 615 vulgari
1416 580 1496 608 modo
1516 582 1626 615 reperiri
1650 582 1763 615 nequit,

533 638 578 657 aut
596 632 737 665 scriptoris
756 633 838 657 menti
856 631 1034 664 assequendae
1052 638 1104 656 non
1122 629 1229 656 sufficit.
1834 636 1865 656 22

539 675 574 705 Ᾱ.
599 677 664 705 Su'nt
688 679 817 704 vocabula
835 677 911 711 ἓὲπκξ
929 678 1059 711 λεγόμεναι
1071 696 1079 709 ,
1097 684 1125 703 et
1143 678 1259 711 phrases
1270 678 1351 703 semel
1369 681 1466 702 tanturn
1485 679 1670 702 occurrentem
1835 680 1870 701 ω

533 724 565 751 B.
597 724 627 750 ln
644 725 720 750 libris
739 727 819 749 sacris
839 725 915 750 etiam
934 731 996 750 usus
1014 723 1140 757 loquendi
1160 723 1248 750 eadem
1265 730 1368 755 aetate,
1387 724 1440 749 imo
1458 723 1502 749 vel
1521 723 1547 748 in
1565 721 1660 748 eodem
1679 722 1762 755 scrip-

595 778 672 802 tore,
692 777 732 796 est
751 771 849 798 varius.
954 759 976 797 ’.
1046 787 1056 797 .
1125 788 1133 797 .
1204 789 1212 798 .
1284 789 1293 797 .
1363 788 1371 799 .
1834 777 1864 797 22

533 819 568 845 C.
594 816 730 843 Interdum
748 816 1085 843 verborum'constructio
1106 824 1144 843 est
1162 817 1292 849 ambigua.
1362 834 1372 843 .
1442 834 1451 843 .
1520 834 1529 844 .
1599 834 1606 844 .
1678 834 1687 843 .
1755 835 1766 844 .
1832 822 1865 847 23

531 865 567 892 D.
592 865 795 897 Nonnumquam
812 871 897 890 nexus
916 863 960 890 vel
979 861 1108 890 structura
1127 863 1306 890 difficultatem
1325 864 1402 897 parit.
1445 880 1455 890 .
1525 879 1534 890 .
1834 869 1866 895 23

537 911 570 940 E.
596 910 729 937 Interdum
754 910 852 943 duplex
877 918 968 937 seusus
988 910 1072 937 eidem
1090 911 1175 937 verbo
1195 917 1239 936 aut
1261 910 1389 944 loquendi
1401 909 1483 936 modo
1499 910 1527 937 in
1542 908 1638 936 eodem
1654 916 1771 936 conte&

592 957 794 990 tnsubjicitut.
901 975 911 984 .
944 989 946 993 Ι
979 976 988 985 .
1057 975 1066 984 .
1099 992 1101 995 .
1134 975 1144 984 .
1210 975 1219 985 .
1287 976 1296 986 .
1366 976 1375 985 .
1442 975 1453 986 ι
1833 962 1866 989 23

531 1004 563 1033 F,
589 1004 645 1030 Res
663 1011 855 1038 nonnumquam
873 1005 1002 1031 obscurae
1019 1011 1209 1032 mem-orantur.
1286 1023 1296 1032 .
1335 993 1339 998 ’
1363 1022 1373 1033 .
1414 994 1417 998 ’
1442 1022 1451 1031 .
1521 1023 1530 1032 .
1598 1021 1608 1032 .
1833 1010 1867 1036 ⁹3

532 1051 568 1078 G.
592 1050 649 1076 Res
676 1051 753 1082 etiam
774 1058 870 1083 novae.
942 1081 946 1086 ¹
974 1068 982 1078 .
1051 1068 1060 1078 .
1097 1084 1102 1088 .
1131 1069 1139 1078 .
1176 1084 1180 1085 V
1208 1068 1217 1077 ·
1287 1068 1296 1077 .
1365 1068 1374 1078 .
1443 1067 1453 1077 .
1522 1068 1531 1077 .
1601 1068 1609 1076 .
1677 1067 1686 1076 .
1754 1068 1766 1077 .
1834 1057 1868 1082 24

446 1096 605 1122 Conclusio,
665 1113 674 1123 .
744 1113 754 1123 .
822 1113 833 1122 .
900 1114 910 1123 .
977 1111 986 1124 ι
1055 1115 1064 1124 .
1131 1113 1140 1124 .
1211 1114 1222 1124 .
1288 1114 1296 1123 .
1365 1114 1375 1124 .
1412 1086 1416 1091 ³
1441 1114 1451 1123 .
1492 1088 1494 1091 ⁵
1520 1114 1530 1123 .
1557 1086 1561 1090 ”
1599 1113 1609 1122 .
1677 1114 1687 1124 .
1755 1113 1768 1123 0
1835 1103 1869 1129 24

450 1142 554 1172 Prodest,
574 1142 711 1175 Ana-logia*
724 1142 872 1177 doctrinae,
892 1145 941 1169 imo
963 1145 1011 1168 vix
1027 1151 1060 1168 ac
1081 1150 1112 1180 ne
1136 1143 1183 1181 νίας
1199 1141 1298 1174 quidem
1322 1149 1352 1167 ea
1373 1149 1462 1168 carere
1479 1134 1620 1174 possamus,
1643 1141 1670 1167 in
1691 1141 1764 1167 llbris

448 1191 526 1218 sacris
545 1188 758 1222 interpretandis.
819 1207 827 1217 .
896 1208 906 1218 .
976 1208 984 1218 .
1053 1207 1063 1216 .
1131 1207 1142 1215 .
1210 1202 1220 1213 ·
1289 1205 1298 1213 .
1366 1204 1376 1214 .
1443 1204 1453 1214 .
1521 1204 1532 1213 .
1601 1204 1610 1214 .
1677 1204 1688 1214 .
1834 1194 1868 1221 27

447 1237 580 1263 Probatur
597 1236 650 1262 hoc
670 1236 796 1269 exemplis
816 1242 830 1261 e
850 1236 881 1263 V.
899 1236 928 1263 F.
973 1254 982 1264 .
1052 1254 1060 1263 .
1129 1255 1139 1265 .
1207 1252 1218 1264 .
1287 1251 1296 1262 .
1362 1252 1374 1262 .
1446 1251 1454 1259 .
1523 1251 1532 1261 .
1602 1251 1612 1261 .
1681 1251 1690 1261 .
1758 1250 1768 1261 .
1835 1242 1868 1268 24

448 1283 678 1315 ExN.F.4.
748 1301 758 1310 .
825 1300 834 1309 .
903 1301 912 1309 .
980 1300 990 1311 .
1059 1299 1069 1310 .
1134 1301 1144 1311 .
1213 1299 1302 1321 ,4.
1414 1318 1417 1321 ,
1835 1281 1870 1307 26

447 1329 634 1362 Conclusio·⁸
670 1347 679 1357 .
746 1347 755 1356 .
823 1347 833 1356 .
901 1345 911 1355 ·
978 1347 989 1357 .
1055 1347 1064 1357 .
1133 1344 1142 1357 .
1211 1346 1220 1356 .
1289 1346 1299 1356 .
1367 1345 1375 1354 .
1444 1345 1455 1355 .
1523 1343 1534 1353 ·
1836 1335 1870 1360 27

349 1378 376 1410 ς.
391 1385 418 1411 4.
455 1377 581 1409 Itrlerpres
602 1376 728 1409 librorum
749 1383 895 1406 sacrorum,
920 1377 966 1408 qui
992 1375 1101 1413 divinae,
1115 1377 1148 1402 ils
1167 1375 1285 1402 traditae
1303 1374 1433 1400 doctrinae
1458 1372 1614 1405 Analogiam
1639 1370 1764 1406 adhibet,
1783 1377 1787 1380 ”

455 1420 524 1448 mihil
541 1423 679 1454 committit
695 1429 713 1446 a
730 1429 832 1446 munere
847 1423 889 1447 vel
900 1427 1022 1454 persona,
1039 1431 1114 1456 quam
1132 1424 1218 1460 gerit,
1240 1423 1361 1460 assentim-
1448 1438 1456 1446 .
1525 1437 1534 1446 .
1602 1435 1612 1446 ο
1836 1421 1868 1448 28

483 1469 507 1497 Ι.
535 1467 746 1502 Interpres‚qui
756 1467 907 1500 Analogiam
921 1467 1060 1495 doctrinae
1076 1468 1184 1495 adhibet
1194 1469 1303 1494 minime
1317 1474 1346 1493 ea
1364 1459 1495 1500 tamquam*
1510 1472 1575 1492 vera
1590 1465 1685 1497 sumit,
1699 1472 1767 1499 quae

468 1543 470 1545 ,
534 1521 642 1547 sumere
660 1521 714 1539 non
732 1514 806 1541 licet.
903 1533 911 1542 .
980 1533 989 1542 .
1057 1534 1067 1544 .
1137 1534 1146 1543 .
1214 1534 1224 1543 .
1293 1533 1302 1541 .
1369 1530 1380 1541 .
1447 1531 1456 1541 .
1525 1531 1534 1540 .
1603 1530 1613 1539 .
1681 1530 1690 1540 .
1757 1530 1768 1540 .
1835 1514 1868 1540 28

476 1561 513 1587 11.
535 1561 634 1593 Neque
656 1562 734 1586 etiam
759 1561 880 1587 omnibus
903 1562 1077 1595 scriptoribus
1108 1561 1212 1587 easdem
1239 1561 1333 1587 tribuit
1359 1567 1448 1587 rerum
1470 1559 1620 1587 divinarum
1647 1559 1767 1586 notitias.
1835 1565 1869 1591 30

466 1607 519 1638 111.
543 1607 721 1640 Praeceptum
737 1606 770 1632 de
789 1607 932 1638 Analogiae
954 1615 1003 1633 usu
1025 1615 1077 1633 non
1091 1597 1264 1642 pugnat'cum
1282 1608 1361 1640 lege,
1380 1613 1431 1639 qua
1447 1606 1572 1639 jubemur
1591 1613 1633 1632 res
1653 1612 1767 1639 cognos-

544 1660 609 1679 cere
627 1661 641 1679 e
659 1653 760 1679 verbis.
823 1669 832 1681 .
1835 1658 1866 1685 31

470 1699 517 1726 IV.
542 1700 686 1732 Analogiae
704 1706 754 1725 usu
772 1706 824 1724 non
844 1699 909 1724 fides
928 1700 1055 1726 tribuitur
1073 1700 1121 1731 iis,
1140 1706 1208 1732 quae
1227 1699 1387 1725 auctoritate
1409 1704 1524 1726 careant.
1834 1705 1865 1732 31

483 1745 517 1772 V.
538 1746 623 1780 ,Falso
641 1746 781 1780 statuitur,
809 1745 937 1777 Analogia
965 1746 1104 1772 doctrinae
1132 1745 1265 1777 adhibita,
1292 1746 1464 1779 interpretem
1489 1752 1540 1770 nou
1559 1745 1708 1772 subsistere
1737 1747 1764 1771 in

544 1793 603 1816 solo
622 1792 676 1817 loci
694 1797 772 1817 sensu
797 1791 922 1819 eruendo.
1834 1799 1866 1825 32

450 1837 609 1864 Conclusio.
658 1856 669 1864 .
736 1853 747 1863 .
1834 1846 1867 1872 32

380 1980 553 2000 PRUDENTiAE
572 1981 671 2004 LEGES,
699 1981 800 2006 QUIBUS

902 1916 1316 1944 CAPUT111.

616 2027 683 2046 ’fleis
702 2027 805 2051 MAGIS,
826 2028 904 2053 QUAM
924 2028 1113 2048 GRAMMATICIS
1133 2029 1302 2049 RA'rloleus
1323 2030 1352 2048 SE
1370 2029 1437 2049 DUCI
1456 2029 1602 2048 PATMTUR.

349 2097 377 2133 §-
393 2103 420 2125 1.
451 2098 541 2124 Pauca
554 2096 584 2124 de
598 2098 794 2131 interpretibus,
814 2100 859 2131 qui
875 2099 1033 2132 Dogmaticis
1049 2103 1146 2134 magis,
1161 2109 1236 2134 quam
1255 2101 1439 2128 Grammaticis
1459 2101 1602 2128 rationibus
1621 2099 1760 2128 ducuntur.

827 1981 982 2001 SACRORUM
1009 1982 1184 2001 ssiteroRUM
1209 1983 1376 2002 ADSTRICTUS
1403 1983 1451 2002 EST
1471 1982 1642 2006 1NTERPRES,
1660 1981 1695 2001 NE
1716 1981 1827 2002 DOGMA·

1829 2107 1861 2133 33

1811 2146 1863 2173 Vn·
