1930 2448
157 95 411 144 RESPONSUM
431 123 474 145 AD
497 112 810 153 QUAESTIONEM
831 113 1482 151 PHILOSOPHICo-THEORETICAM.
1554 131 1587 159 13

82 206 141 226 cem
160 206 220 225 esse
235 197 353 226 similem
363 217 374 231 ,
389 203 444 226 tam
458 206 553 233 parem
567 197 736 234 intelligitur
746 218 756 233 ,
777 206 860 232 quam
877 206 964 226 unum
974 193 1042 228 uni.
1064 199 1153 235 Apud
1167 200 1316 229 Laertium
1329 203 1363 230 ab
1381 203 1535 239 Epicureis
1549 205 1590 233 ita

81 249 149 278 haec
162 249 328 285 anticipatio
342 250 495 286 definitur,
514 257 546 278 ut
563 249 677 279 Stoicos
689 270 699 286 ,
719 250 796 285 apud
805 249 989 278 Plutarchum
1003 249 1041 278 ita
1055 250 1116 279 eius
1136 251 1218 279 notio
1240 252 1398 288 explicatur
1418 263 1433 282 a
1454 255 1561 284 Stoicis
1574 276 1585 291 ‚

76 307 109 328 ut
128 300 290 336 Epicureos
310 307 338 329 te
358 301 455 329 audire
476 307 570 337 putes.
612 301 667 329 Est
685 300 783 336 itaque
805 309 838 329 ex
858 301 1002 329 ambarum
1024 303 1188 330 scholarum
1209 311 1324 340 mente,
1354 312 1387 334 ut
1414 306 1489 335 dicta
1519 317 1588 344 pau·

77 351 119 379 cis
139 352 303 379 contraham
317 371 328 387 ,
349 352 543 389 Intelligcntt'a
572 353 628 381 sive
657 353 731 380 notio
751 353 795 379 rei
812 350 959 379 cuiusdam
980 353 1149 382 universalis
1161 374 1171 388 ,
1192 362 1259 382 ame
1278 358 1372 384 animo
1391 365 1523 396 percepta
1543 366 1591 387 at-

78 412 130 440 que
147 404 283 440 impressa
296 422 307 438 ,
325 402 375 431 sed
396 403 559 437 naturalis,
581 401 614 430 id
633 408 693 436 est,
715 410 769 430 non
791 403 921 431 instituto
939 404 1055 441 aliquo,
1076 411 1129 432 aut
1149 414 1245 441 more,
1264 413 1315 434 aut
1335 408 1393 444 lege
1410 411 1565 438 constitum
1577 431 1587 445 ,

76 463 130 481 mm
149 460 214 482 arte
240 460 292 482 aut
311 452 460 482 industria
471 459 603 491 parata,
625 452 675 481 sed
690 452 726 480 ab
745 453 809 491 ipsc?
830 454 943 482 natard
967 457 1076 492 insita,
1097 456 1145 486 vel
1155 459 1250 495 potius
1279 459 1402 494 innata,
1429 470 1500 498 quae
1522 471 1589 498 quo·

75 506 152 532 m'am
176 506 321 534 naturalis
346 512 406 541 est,
434 512 461 533 ct
485 504 608 533 omnibus
629 506 750 533 omnium
769 508 899 543 gentiam
925 507 1081 535 hominibus
1103 512 1276 547 mmmmm,
1298 512 1359 540 veri
1379 518 1417 540 est
1436 511 1584 542 indicium.

73 555 107 584 de
132 558 188 594 quo*
206 559 279 586 enim
303 558 426 587 omnium
446 563 556 586 natura
577 558 732 592 consentit,
752 557 786 586 id
801 567 897 587 verum
921 568 975 586 esse
996 569 1100 588 necessa
1124 567 1175 593 est.

338 633 395 662 Sed
413 642 467 662 nos
488 633 657 662 immensum
678 634 778 669 spatiis
799 635 978 664 confecimus
998 646 1129 674 aequor,

334 683 376 714 Et
394 684 448 714 iam
469 691 603 723 tempus,
625 694 732 721 equum
753 686 889 716 fumantia
909 688 1022 716 solvere
1041 690 1126 717 colla.
1166 715 1170 720 ,

251 920 628 971 CAPUT
727 923 1399 975 SECUNDUM,

147 1048 190 1068 DE
213 1047 339 1075 SENSU,
361 1047 426 1076 QUO
448 1045 636 1068 HUIUSMODI
657 1045 878 1068 ANTlchTIo
900 1047 1013 1068 MENTI
1032 1047 1189 1068 NOSTRAE
1211 1048 1263 1069 SIT
1284 1049 1506 1073 VINDICANDA.

68 1152 136 1214 Et
156 1184 208 1213 iam
228 1183 410 1222 pervenimus
435 1187 470 1215 ad
495 1183 603 1223 partem
627 1186 807 1224 quaestionis
834 1188 1007 1223 secundam,
1030 1189 1087 1224 qud
1113 1185 1231 1224 posita,
1253 1188 1308 1218 viri
1333 1188 1502 1226 clarissimi,
1524 1199 1584 1219 non

70 1236 276 1272 quaesivistis,
297 1246 366 1266 num
387 1239 457 1266 tales
475 1239 612 1267 notiOnes
631 1238 798 1275 anticipatae
813 1239 962 1267 hominum
983 1239 1084 1268 animis
1104 1239 1193 1268 tribui
1210 1240 1350 1269 debeantz
1374 1240 1483 1277 quippe
1505 1241 1584 1277 quod

67 1293 175 1315 norunt
202 1296 328 1326 omncs:
361 1289 410 1317 sed
437 1290 493 1318 hoe
517 1290 673 1325 voluistis,
704 1298 772 1319 num
795 1288 864 1317 istas
894 1290 1120 1326 praenotiones,
1151 1299 1223 1326 quas
1245 1291 1411 1327 intelligunt
1434 1292 1582 1327 Epicurus

68 1344 96 1366 et
121 1338 211 1374 Stoa,
233 1338 272 1367 ita
296 1339 382 1368 nobis
408 1340 522 1376 inesse,
545 1341 726 1369 statuendum
751 1339 808 1374 sit,
830 1346 862 1367 ut
886 1348 962 1368 recte
985 1341 1016 1370 in
1043 1341 1101 1370 illis
1127 1348 1251 1377 ponatur
1278 1342 1338 1371 veri
1361 1351 1393 1370 ac
1417 1341 1483 1370 fulsi
1509 1342 1584 1370 iudi-

66 1388 162 1419 cium:
186 1389 231 1418 sin
253 1389 368 1426 minus,
388 1399 424 1420 an
448 1391 506 1420 sint
531 1393 666 1421 notiones
685 1390 851 1420 hominibus
866 1393 1030 1428 naturales,
1051 1393 1244 1427 omnibusque
1265 1402 1454 1428 communes,
1476 1393 1583 1429 quibus

66 1438 122 1468 nisi
145 1441 250 1476 plena,
278 1447 306 1468 at
340 1442 457 1478 aliqua,
487 1443 549 1471 iure
574 1443 712 1471 habeatur
737 1442 820 1471 fides.
862 1443 963 1478 Atque
992 1444 1163 1479 quaestione
1195 1443 1237 1472 sic
1268 1443 1437 1477 intellecta,
1467 1453 1582 1472 omnem

64 1498 154 1519 meam
176 1491 400 1527 disputationem
415 1493 452 1522 ita
468 1494 590 1523 dividam
602 1514 612 1529 ,
634 1500 667 1521 ut
684 1493 809 1529 primum
835 1494 982 1522 ostendam
995 1514 1005 1529 ‚
1027 1493 1088 1522 falli
1102 1503 1173 1529 eos,
1196 1494 1246 1530 qui
1262 1495 1396 1523 omnibus
1421 1495 1581 1523 communi-

65 1541 120 1570 bus
148 1539 317 1571 notiOnibus
342 1551 490 1573 assensum
512 1545 687 1580 praebeant:
710 1544 778 1573 dein
799 1545 935 1581 doceam,
959 1545 1066 1581 quibus
1089 1554 1185 1573 earum
1211 1545 1260 1574 hic
1282 1552 1428 1581 competat
1453 1545 1560 1573 honor.

7 1606 10 1634 Ι
102 1618 147 1647 Ac
168 1618 291 1655 primum
327 1619 440 1655 quidem
466 1619 572 1650 fefellit
597 1630 669 1656 eos,
700 1629 774 1657 quos
801 1620 944 1657 diximus,
967 1621 1162 1658 philosophos
1191 1621 1266 1650 bella
1288 1620 1342 1649 ista
1365 1630 1425 1650 vox
1451 1628 1582 1650 natura:

0 1650 11 1729 il}
63 1677 156 1705 neque
181 1670 234 1698 hos
258 1677 387 1706 tantum,
409 1672 460 1700 sed
482 1681 582 1701 omnes
601 1671 727 1700 fortasse
753 1679 864 1701 veteres
885 1672 1092 1709 philosophos.
1136 1672 1238 1700 Veluti
1262 1672 1435 1700 Plutarchus
1461 1672 1490 1700 in
1515 1679 1579 1700 toto

0 1703 3 1770 Ι
61 1721 157 1756 libro,
180 1730 263 1756 quem
282 1722 419 1751 adversus
441 1723 558 1751 Stoicos
584 1722 702 1758 scripsit
727 1722 761 1750 de
789 1722 994 1751 communibus
1019 1722 1154 1757 notitiis,
1174 1730 1319 1758 nusquam
1338 1730 1437 1751 eorum
1462 1731 1495 1750 ex
1515 1722 1579 1751 istis

0 1773 3 1816 ζ
62 1771 232 1801 notionibus
247 1771 390 1808 improbat
411 1773 625 1810 argumentandi
641 1772 799 1803 rationem:
823 1773 975 1801 ostendere
997 1779 1105 1800 tantum
1125 1771 1260 1807 videtur,
1285 1772 1335 1808 qui
1361 1773 1432 1801 adeo
1459 1774 1582 1801 multum

0 1806 12 1862 {i
64 1823 98 1851 de
124 1823 158 1852 iis
183 1823 421 1859 praenotionibus
440 1826 596 1860 loquantur
616 1823 807 1860 philosophi,
832 1832 916 1859 quarn
934 1831 1035 1859 parum
1053 1822 1110 1852 sibi
1127 1823 1184 1859 ipsi
1202 1823 1260 1852 siut
1276 1823 1473 1853 consentanei.
1515 1824 1578 1852 Ne-

0 1871 11 1918 f}
63 1882 119 1910 que
141 1875 223 1903 etiam
247 1875 353 1904 Cicero
381 1883 578 1912 argumentum
604 1875 837 1911 Epicureorum,
861 1883 920 1910 quo
951 1875 1022 1903 deos
1048 1882 1111 1903 esse
1140 1874 1373 1903 demonstrabant
1393 1883 1428 1903 ex
1449 1875 1578 1904 omnium

0 1918 12 1967 {i
63 1924 188 1961 gentium
212 1934 377 1961 consensu,
399 1927 452 1955 sub
482 1928 609 1963 persona
632 1926 737 1955 Cottae
755 1926 812 1954 leve
840 1926 930 1961 dicit,
960 1925 1094 1961 quoniam
1123 1925 1219 1954 minus
1246 1924 1354 1953 iustum
1378 1925 1435 1961 ipsi
1464 1926 1581 1954 videba-

62 1982 109 2004 tur
133 1976 189 2004 hoc
209 1985 306 2005 eorum
333 1977 497 2006 decretum:
518 1977 552 2006 de
573 1987 625 2016 quo
651 1979 774 2006 omnium
798 1983 908 2005 natura
933 1978 1088 2012 consentit,
1117 1976 1150 2004 id
1167 1984 1265 2005 verum
1290 1977 1344 2009 sit,
1374 1984 1480 2004 necesse
1505 1985 1579 2005 csse:

0 2034 12 2075 Ἰ
61 2026 90 2055 id
116 2028 208 2055 solum
234 2027 335 2063 docet,
359 2027 462 2056 falsum
486 2037 549 2057 esse
569 2030 626 2058 hoc
644 2035 864 2066 argumentum,
888 2028 955 2063 quia
983 2037 1044 2057 non
1067 2036 1167 2056 ornnes
1195 2026 1390 2056 consentiant.
1431 2027 1508 2055 Idem
1530 2027 1580 2054 de-

63 2083 172 2107 cretum
196 2087 212 2107 a
236 2079 378 2116 Scepticis
404 2088 465 2109 non
488 2079 578 2110 fuisse
603 2087 757 2118 negatum,
779 2088 841 2110 tum
871 2080 958 2109 docet
983 2079 1047 2116 ipsa
1074 2078 1252 2116 scepticismi
1277 2084 1398 2114 natura,
1420 2083 1481 2105 tum
1506 2077 1580 2105 Sex-

10 2144 13 2167 ³
805 2130 828 2160 B
851 2138 866 2167 3
1081 2163 1085 2170 ¹
1532 2137 1579 2158 tus
