1930 2448
351 134 674 168 COMMENTATIO
699 146 746 168 AD
775 137 1086 177 QUAESTIONEM
1110 139 1324 173 MEDICAM.
1570 155 1609 184 25

95 228 157 252 tere
179 221 359 250 deber-emus.
406 220 548 260 Quamvis
572 221 645 250 enim
677 221 706 251 in
729 229 859 252 veterum
886 222 1069 253 Medicorum
1088 224 1223 261 scriptis,
1246 231 1273 254 et
1295 225 1324 255 in
1343 224 1422 262 illis,
1445 234 1517 263 quae
1535 227 1606 257 Chi-

96 272 221 310 rurgiam
253 273 377 307 docent,
408 281 468 301 non
498 281 562 301 raro
586 273 768 303 inveniantur
795 273 1011 302 observationes
1030 294 1041 309 ,
1081 284 1096 303 e
1124 277 1229 312 quibus
1257 278 1329 307 hanc
1356 278 1485 306 Naturae
1518 278 1609 308 facul-

97 330 183 353 tatem
220 331 397 361 cognoscere
431 324 594 360 potuissent
619 324 784 360 Auctores,
823 325 923 353 harum
947 331 1040 354 tamen
1076 335 1159 355 usum
1182 327 1379 365 reliquerunt,
1406 336 1493 366 atque
1519 339 1608 359 coeco

99 377 181 414 quasi
201 376 310 413 impetu
331 375 541 413 Hippocratis,
563 375 614 412 qui
633 377 689 405 tale
710 382 787 405 certe
811 375 936 404 studium
961 375 1173 413 improbasset,
1195 379 1317 414 amplexi
1343 387 1412 409 sunt
1430 387 1546 418 partes,
1567 389 1611 411 at-

97 439 175 466 que,
203 435 236 458 ut
261 428 358 457 brevis
384 428 455 464 sim,
476 429 607 466 jurarunt
638 428 668 456 in
693 427 780 456 verba
805 427 953 464 magistri,
987 427 1008 457 i.
1031 436 1057 457 e.
1085 428 1198 465 singula
1217 429 1428 468 Hippocratis,
1465 433 1546 462 Celsi
1579 441 1608 463 et

94 481 202 513 Galeni
228 480 310 509 effata
328 485 436 508 tantum
465 478 642 515 interpretati
669 485 761 514 sunt,
784 488 843 508 non
864 486 958 508 autem
983 480 1017 509 ab
1043 481 1102 510 illis
1130 489 1331 518 recesserunt,
1352 491 1401 513 aut
1425 485 1528 522 aliam,
1560 496 1609 516 ex-

99 533 253 572 perientiae
279 530 369 567 magis
396 536 639 566 consentaneam,
668 530 839 560 sententiam
863 539 1091 567 proposuerunt.
1136 534 1231 572 CuJ'us
1256 534 1358 563 asserti
1382 537 1549 574 veritatem,
1583 539 1609 567 si

97 585 313 623 comprobatam
343 581 461 619 velitis,
504 581 599 611 refero
622 591 675 611 vos
710 583 745 611 ad
777 582 845 619 illa,
886 592 957 619 quae
985 584 1019 612 de
1045 584 1189 628 partium,
1229 594 1245 614 e
1275 586 1415 623 sanguine
1442 595 1470 617 et
1501 590 1610 618 semine

96 644 246 673 natarum,
268 636 451 671 differentia,
482 642 516 662 ex
543 633 647 662 Galeni
673 640 788 670 mente,
810 635 942 670 ple-rique
962 642 1073 664 veteres
1104 636 1264 667 docuerunt
1281 638 1404 668 Medici.
1447 639 1494 668 Sic
1521 649 1553 669 v.
1575 650 1605 671 c.

93 689 223 718 Duretus
251 688 320 726 (2)
347 686 479 722 notavit,
509 691 618 722 partem
644 693 659 713 e
683 692 825 721 spermate
851 692 941 714 ortam
966 695 1120 723 numquam
1150 689 1251 725 reponi
1275 696 1324 718 aut
1347 690 1464 727 augeri,
1505 691 1530 720 si
1562 701 1608 720 se-

94 742 152 769 mel
175 740 276 769 amissa
306 739 414 775 fuerit;
454 743 550 774 partes
575 745 645 765 vero
671 745 807 766 carnosas
831 736 970 766 continuo
1005 738 1131 775 generari
1156 748 1244 776 posse
1261 761 1272 776 ,
1301 747 1402 776 utpote
1432 750 1447 770 e
1469 743 1608 779 sanguine

94 791 213 828 perenni
230 797 326 820 enatae
348 790 421 820 sint.
460 789 545 828 Quae
565 787 714 824 doctrina,
742 794 844 825 postea
868 788 1068 826 dijudicanda,
1101 798 1153 826 per
1172 791 1293 828 longum
1313 791 1445 821 substitit
1469 800 1606 831 tempuS,

94 849 181 879 atque
204 844 252 872 vel
274 843 309 872 ad
335 841 445 871 Vesalii
466 840 533 878 (3)
554 845 583 868 et
610 837 722 877 Magati
744 841 814 877 (4)
835 846 952 869 aetatem
975 840 1100 869 transiit.

129 894 180 924 An
204 893 301 930 itaque
320 901 424 930 operae
448 891 571 929 pretium
596 889 691 927 foret,
714 891 794 927 quod
824 890 941 920 illorum
965 892 1151 928 Auctorum,
1177 892 1228 928 qui
1260 895 1344 923 talem
1368 894 1472 925 Galeni
1495 897 1605 926 doctri-

90 953 156 975 nam
181 944 375 982 explicandam
407 950 436 973 et
461 942 665 972 defendendam
695 941 751 971 sibi
777 949 961 979 sumserunt,
987 949 1076 979 atque
1103 944 1262 973 secundum
1288 945 1396 975 hancce
1426 946 1604 984 Theoriam‚

91 1002 122 1025 et
139 1004 154 1024 e
169 995 309 1033 temporis
329 995 436 1032 genio,
458 994 492 1023 de
509 993 638 1022 Naturae
660 992 709 1022 ina
728 992 863 1022 facultate
883 993 1080 1024 restauratrice
1101 993 1288 1032 judicarunt,
1310 1004 1465 1034 magnum,
1486 998 1601 1028 fastidio

89 1052 167 1075 certe
192 1055 253 1076 non
274 1046 427 1076 cariturum
440 1065 451 1082 ,
472 1053 701 1074 enumeraremus
723 1044 909 1082 catalogum?

128 1097 316 1128 Recensenda
339 1097 438 1134 itaque
458 1096 560 1133 potius
584 1104 646 1125 esse
672 1095 780 1125 credidi
805 1095 997 1125 recentiorum
1022 1095 1058 1125 de
1080 1103 1181 1126 nostro
1208 1105 1377 1135 argumento
1403 1101 1521 1137 merita,
1543 1110 1604 1138 quo

88 1148 120 1179 in
145 1157 232 1186 opere
256 1148 387 1180 facie-ndo
412 1157 562 1188 quemnam
591 1147 765 1179 servaverim
790 1148 940 1183 ordinem,
970 1147 1001 1178 in
1026 1148 1176 1185 sequentis
1205 1150 1344 1181 sectionis
1367 1150 1452 1182 initio
1476 1151 1606 1184 breviter

85 1200 269 1233 indicandum
285 1201 350 1233 erit.

563 1330 1140 1348 —————-

417 1429 765 1462 SECTIO
844 1431 1271 1462 SECUNDA

116 1535 330 1567 Sententiarum
343 1557 355 1574 ,
375 1536 409 1567 de
428 1538 575 1575 Naturd,
597 1538 685 1568 omnis
704 1538 735 1566 in
755 1537 877 1577 Corpore
905 1537 1028 1567 humano
1057 1537 1178 1568 morbose
1203 1539 1289 1568 soluti
1306 1540 1534 1578 restauratrix,
1556 1549 1578 1573 a

344 1589 561 1620 Recentioribus
580 1588 702 1619 Medicis
715 1591 942 1629 propositarum,
969 1590 1103 1619 Recensio
1129 1596 1156 1620 et
1181 1589 1334 1628 Epicrisis.

81 1701 130 1766 In
156 1735 292 1768 Sectione
313 1738 402 1768 hacce
421 1740 548 1768 secunda
574 1739 765 1769 recentiorum
792 1746 942 1769 auctorum
968 1742 992 1770 i.
1014 1750 1042 1770 e.
1072 1741 1188 1770 illorum
1216 1739 1421 1777 Medicorum,
1445 1741 1494 1778 qui
1512 1750 1527 1770 a
1543 1751 1603 1772 sae-

81 1787 143 1816 culi
168 1787 271 1817 decimi
298 1790 392 1820 octavi
415 1790 497 1820 initio
518 1790 548 1819 in
566 1790 644 1820 hunc
665 1799 759 1827 usque
782 1790 856 1819 diem
882 1791 917 1819 de
937 1799 1107 1829 argumento
1134 1799 1237 1822 nostro
1263 1793 1465 1829 scripserunt,
1486 1800 1600 1823 senten-

85 1839 165 1875 tias,
187 1847 328 1876 quatenus
356 1841 490 1872 nimirum
517 1842 602 1872 hasce
629 1843 719 1880 mihi,
749 1851 805 1881 pro
831 1841 934 1879 exigua
958 1843 1105 1872 Historiae
1127 1843 1283 1873 Literariae
1308 1843 1494 1881 cognitione,
1516 1851 1602 1880 atque

83 1891 246 1929 temporis,
267 1892 335 1922 huic
355 1893 438 1930 operi
451 1895 603 1932 concessi,
628 1895 782 1934 angustiis,
800 1904 976 1934 cognoscere
1000 1896 1104 1933 licuit,
1128 1902 1336 1926 memoraturus
1357 1902 1443 1934 atque
1463 1895 1601 1933 dijudica·

1558 1955 1604 1977 tu-

117 2030 181 2067 (2)
205 2034 267 2062 vid.
286 2035 468 2064 Commentar.
492 2037 517 2062 in
537 2038 639 2065 Coacas
658 2038 792 2073 Hippocr.
810 2046 870 2072 pag.
886 2046 947 2072 400.

116 2079 182 2114 (3)
211 2081 291 2110 Vidd.
320 2084 410 2116 Opera
429 2085 583 2112 Anatomica
605 2093 632 2113 et
648 2087 821 2120 chirurgica.
848 2087 926 2113 Tom.
943 2086 982 2113 11.
1009 2091 1069 2119 pag.
1085 2086 1147 2120 969.

116 2126 182 2166 (4)
208 2128 270 2156 Vid.
292 2129 322 2156 In
341 2131 432 2164 Opere
450 2139 544 2165 postea
563 2132 702 2160 laudando.

951 2179 980 2209 D
