1930 2448
282 110 322 141 74·
611 101 1457 134 G'.C.B.SUR1NGAR

288 185 377 223 Quod
396 192 488 214 autem
511 185 611 214 attinet
634 185 668 214 ad
692 185 860 215 sententiam
882 185 932 215 C1.
957 184 1051 220 Boyer
1078 190 1106 213 et
1130 183 1330 222 annynen,
1354 185 1403 222 qui
1423 185 1626 216 recentissimis
1655 187 1796 224 tempori-

290 237 345 266 bus
368 237 474 265 hancce
499 237 537 265 du
567 237 690 266 Hamelii
717 237 908 273 sententiam,
930 236 1047 265 mutatis
1073 237 1237 272 mutandis,
1261 237 1361 265 iterum
1387 237 1479 266 secuti
1502 244 1588 273 sunt,
1618 246 1734 268 monere
1758 239 1796 268 li·

289 295 374 323 ceat,
408 289 485 323 quod
514 290 596 325 plura
620 290 732 325 quidem
759 289 788 318 in
818 288 952 318 Theatris
981 288 1380 326 Anatomico-Pathologicis
1408 289 1591 318 inveniantur
1615 289 1794 327 specimina,

288 339 392 376 quibus
419 340 487 368 haec
511 341 571 369 Cll.
589 341 727 369 Virorum
751 341 891 370 sententia
913 340 1095 377 comprobari
1118 341 1231 377 possit,
1256 341 1334 376 quod
1358 347 1451 369 autem
1471 341 1539 370 inde
1556 340 1672 370 minime
1693 349 1796 377 sequa-

286 397 353 426 tur,
376 391 512 419 Naturam
536 401 648 428 semper
670 393 746 421 hunc
765 392 847 428 sequi
867 392 1001 428 operandi
1023 392 1159 427 modum,
1182 400 1210 422 et
1236 393 1322 428 quod]
1340 400 1484 429 praeterea
1508 402 1568 422 non
1590 393 1711 430 intelligi
1728 401 1796 429 pos·

284 441 344 477 sit,
368 442 512 477 quomodo
538 443 735 478 perimmuni,
757 445 844 472 semel
870 451 984 472 osseum
1005 443 1136 480 factum,
1164 444 1316 480 pristinum
1344 453 1427 473 suum
1451 451 1555 473 statum
1581 445 1685 473 iterum
1711 452 1794 474 recu-

284 501 382 529 perare
411 493 516 528 possit.

324 543 413 582 Quod
441 552 533 573 autem
558 546 592 574 ad
616 546 682 574 illos
707 553 838 575 auctores
863 546 984 581 attinet,
1017 546 1066 582 qui
1086 546 1149 575 calli
1171 546 1313 575 materiem
1339 547 1368 576 in
1397 555 1486 575 succo
1514 548 1638 583 quodam
1663 556 1804 577 comtes--

283 601 370 624 *cente
401 597 626 632 quaesiverunt,
661 597 810 626 dicendum
842 604 903 633 est,
935 598 1013 633 quod
1042 598 1072 627 hi
1097 598 1228 634 inprimis
1251 599 1285 627 de
1314 599 1399 636 hujus
1425 599 1504 628 succi
1529 599 1640 635 origine
1671 606 1699 628 ct
1729 599 1802 628 sede·

289 645 456 682 disputent:
479 647 525 675 alii
548 647 703 684 nimirum,
722 649 794 677 inter
813 649 873 685 ipsa
895 656 1019 677 extrema
1039 648 1128 678 fracta
1149 650 1259 678 huncce
1282 658 1399 678 succum
1423 650 1546 686 deponi,
1568 650 1666 686 ibique
1686 650 1715 679 in
1738 651 1798 679 cal-

286 697 346 725 lum
365 705 479 726 osseum
501 699 621 734 mutari,
640 700 765 735 docent3
785 700 831 728 alii
850 707 949 729 contra
968 701 1078 730 huncce
1096 710 1213 729 succum
1231 701 1382 730 fracturam
1401 701 1526 736 ambire,
1541 710 1680 737 eamque,
1700 702 1798 731 annuli

286 747 428 784 adinstar,
452 749 627 778 circumdare
655 757 775 786 putant,
803 750 851 779 alii
877 751 1000 787 iterum,
1030 752 1105 781 inter
1124 760 1273 788 utramque
1297 752 1434 789 periostei
1462 753 1593 781 laminam
1618 752 1683 781 calli
1710 759 1800 781 mate-

288 798 356 827 riem
383 799 527 835 inveniri,
557 807 706 837 statuunt3
730 801 795 829 dnm
821 801 868 830 alii
894 804 1029 838 tandem,
1055 803 1146 839 ipsam
1174 804 1284 833 ossium
1308 805 1498 834 membranam
1523 805 1704 833 medullarem
1733 804 1802 833 calli.

288 851 430 879 materiem
458 852 613 888 praebere,
637 854 808 881 docuerunt.
849 854 905 883 Pro
925 855 1004 883 varia
1027 855 1124 890 itaque
1148 856 1232 892 sede,
1256 865 1339 892 quam
1364 856 1429 885 calli
1452 856 1596 885 materiem
1615 855 1720 884 habere
1743 864 1800 892 pu·

290 908 407 936 tarum,
437 902 627 932 diversimode
658 913 775 940 quoque
799 905 884 942 hujus
912 906 990 934 succi
1019 907 1156 944 originem
1183 908 1417 946 explicaverunt,
1447 909 1527 937 illum
1555 909 1602 937 vel
1629 916 1663 936 ex
1689 907 1804 936 ossium

296 954 430 981 extremis
458 955 609 990 exsudari,
631 957 677 984 vel
704 965 755 992 per
780 957 864 985 hasce
884 957 982 986 illasve
1006 959 1129 994 partium
1151 959 1339 997 adjacentium
1358 959 1496 996 formari,
1525 959 1673 988 docentes.

328 1004 434 1040 Neque
458 1012 568 1033 tantum
596 1007 630 1034 de
653 1007 739 1043 hujus
765 1008 844 1037 succi
868 1009 980 1045 origine
1008 1017 1036 1038 et
1060 1011 1144 1044 sede,
1167 1011 1217 1039 sed
1244 1011 1327 1040 etiarn
1351 1012 1385 1040 de
1408 1012 1469 1049 ejus
1494 1011 1592 1039 indole
1617 1010 1806 1047 disputantes

291 1056 452 1084 audivimus
476 1063 620 1086 auctores.
670 1058 723 1087 Uti
754 1059 828 1087 enim
858 1060 989 1096 plerique
1016 1061 1122 1090 hancce
1148 1062 1292 1090 materiem
1318 1071 1428 1090 succum
1456 1071 1559 1090 osseum
1586 1068 1635 1090 aut
1661 1061 1803 1099 lympham

292 1106 493 1143 coagulabllcm
515 1116 578 1136 esse
602 1109 753 1145 dixerunt,
775 1109 817 1137 sic
843 1110 916 1139 inter
936 1112 1110 1140 recentiores
1136 1112 1287 1141 Hunterus
1311 1112 1415 1148 aliique
1437 1112 1532 1148 ipsum
1548 1112 1738 1149 sanguinem,
1760 1112 1806 1142 in-

299 1163 340 1184 ter
362 1165 427 1185 ossa
449 1157 540 1186 fracta
565 1167 749 1195 evacuatum,
779 1160 810 1189 in
831 1162 935 1189 callum
962 1162 1064 1191 mutari
1094 1162 1266 1192 docuerunt.
1313 1163 1361 1191 Ad
1384 1172 1506 1198 quorum
1532 1163 1669 1191 Virorum
1695 1165 1800 1193 Doctt.

295 1207 464 1237 sententiam
485 1209 639 1238 observare
656 1210 759 1246 liceat,
783 1212 862 1246 quod
886 1221 969 1241 casus
989 1212 1103 1249 quidem
1125 1222 1188 1242 esse
1203 1213 1338 1250 possint,
1359 1213 1389 1243 in
1409 1214 1515 1250 quibus
1534 1213 1647 1243 Natura
1662 1222 1697 1243 ex
1716 1214 1802 1252 ipso,

294 1267 346 1296 per
370 1259 523 1289 fracturam
547 1260 789 1297 simplicissimam
811 1271 970 1301 evacuato,
990 1265 1132 1302 sanguine
1151 1266 1254 1294 callum
1276 1264 1369 1294 facere
1388 1265 1505 1301 possit,
1528 1265 1606 1301 quod
1631 1271 1746 1301 autem,
1770 1266 1806 1295 ab

295 1312 385 1340 altera
413 1319 515 1348 parte,
544 1321 643 1348 parum
670 1314 840 1349 probabilisv
850 1316 984 1346 videatur
1004 1316 1072 1345 haec
1098 1318 1134 1346 de
1160 1317 1271 1346 ossium
1296 1318 1371 1345 callo
1395 1316 1553 1346 sententia:
1581 1316 1705 1346 dubitari
1728 1317 1807 1348 enim*

297 1368 417 1398 potest,
450 1372 484 1392 an
508 1363 620 1393 Natura
652 1373 798 1402 unquam,
830 1366 855 1396 si
889 1374 983 1404 tanta,
1015 1375 1120 1405 quanta
1146 1369 1342 1406 supponitur,
1374 1367 1526 1405 sanguinis
1554 1367 1604 1397 fiat
1633 1368 1803 1405 evacuatio,

298 1415 402 1442 callum
431 1414 569 1450 perficere
594 1417 701 1453 possit.
743 1418 853 1448 Nonne
873 1420 981 1449 crudeli
1002 1421 1089 1450 modo
1114 1427 1210 1458 ageret
1235 1420 1367 1456 Natura,
1388 1426 1494 1448 tantam
1518 1428 1631 1456 semper
1654 1420 1805 1456 requirens

295 1465 419 1501 partium
440 1466 613 1503 laesionem,
635 1475 667 1497 ut
689 1470 833 1499 sufficiens
861 1471 934 1500 inter
953 1479 1076 1502 extrema
1095 1472 1185 1502 fracta
1200 1471 1378 1501 inveniretur
1398 1470 1546 1508 sanguinis
1566 1471 1673 1508 copia?
1695 1472 1805 1502 Nonne

295 1516 408 1544 Natura
433 1525 496 1545 raro
519 1519 670 1548 admodum
698 1522 763 1551 talia
791 1531 935 1559 corpora,
958 1533 1030 1560 quae
1052 1534 1104 1561 per
1131 1524 1286 1553 laesionem
1310 1530 1359 1552 aut
1379 1522 1499 1560 injurias
1526 1531 1723 1559 quascumque
1747 1533 1805 1553 me·

295 1566 416 1595 chanico
439 1568 524 1596 modo
551 1578 683 1600 evacuata
706 1579 796 1608 sunt,
819 1574 849 1602 in
873 1583 943 1603 usus
960 1577 1097 1604 salutares
1127 1582 1296 1605 convertere
1321 1574 1418 1603 solet?
1448 1574 1557 1602 Nonne
1582 1574 1710 1611 analogia
1732 1575 1802 1604 satis

296 1618 398 1646 docere
423 1618 557 1654 videtur,
580 1622 674 1656 quod,
697 1622 721 1650 si
741 1623 905 1655 inveniatur
929 1628 1022 1661 paulo?
1041 1628 1131 1664 major
1154 1625 1302 1663 sanguinis
1329 1625 1403 1654 inter
1429 1624 1583 1654 fracturam
1607 1625 1713 1662 copia,
1733 1625 1804 1654 haec

295 1668 482 1698 absorbeatur
505 1669 608 1700 iterum
634 1679 661 1700 et
685 1673 713 1701 in
742 1674 892 1710 sanguinis
915 1677 1054 1706 circulum
1077 1677 1252 1706 reducatur?

333 1719 387 1748 Uti
411 1720 445 1748 de
469 1721 534 1749 calli
558 1722 666 1751 ossium
687 1723 818 1761 origine,
850 1726 891 1755 sic
918 1736 1035 1764 quoque
1057 1729 1092 1757 de
1117 1730 1178 1767 ejus
1204 1728 1350 1763 decursu,
1379 1733 1428 1768 aut
1451 1727 1495 1756 der
1513 1728 1599 1765 eim,
1627 1736 1736 1765 quam,
1757 1729 1807 1760 in·-

297 1770 400 1800 stituto
430 1771 517 1801 variis
541 1774 721 1810 temporibus
749 1776 898 1814 examine,
929 1779 1036 1808 referre
1061 1781 1157 1816 solet,
1183 1781 1285 1809 natura
1311 1778 1495 1815 dis-putarunt
1518 1785 1673 1815 auctores,
1703 1789 1802 1816 quos,

298 1831 386 1858 quum
409 1823 478 1852 haec
500 1824 632 1859 quaestio
654 1827 774 1863 copiosa
795 1835 904 1858 tantum
929 1831 1107 1867 experientia
1131 1838 1158 1860 et
1176 1830 1379 1860 observatione
1400 1829 1495 1858 dirimi
1512 1829 1626 1866 possit,
1647 1831 1803 1869 dijudicare

295 1879 371 1901 certe
397 1882 456 1903 non
491 1883 667 1912 possumus,
696 1879 872 1917 nescientes,
903 1881 1074 1917 quibusnam
1097 1882 1264 1912 auctoribus
1294 1881 1416 1910 maxima
1445 1880 1534 1910 fuerit
1565 1881 1800 1912 observationum

295 1923 422 1952 fidelium
447 1924 638 1955 faciendarum
660 1929 787 1959 occasio.
832 1932 954 1969 Atque,
973 1941 1061 1969 quum
1080 1940 1225 1969 praeterea
1242 1933 1298 1962 hoc
1312 1939 1515 1970 argumentum⁴
1527 1932 1645 1962 minoris
1663 1935 1802 1964 momenti

295 1984 359 2005 esse
385 1975 531 2011 videatur,
553 1977 621 2006 haec
641 1988 730 2016 pauca
753 1982 866 2017 quidem
888 1983 963 2013 dicta
983 1984 1122 2014 sufficiant
1143 1985 1185 2015 de·
1199 1984 1348 2013 sententiis
1375 1984 1512 2021 illorum,
1535 1983 1585 2021 qui
1605 1984 1641 2014 de
1661 1986 1735 2015 callo
1755 1994 1805 2016 os·

296 2023 369 2055 sium
389 2026 583 2064 scripserunt,
607 2038 787 2069 quorumque
807 2033 968 2065 dissensum
987 2042 1090 2073 postea
1109 2036 1250 2075 explicare
1269 2035 1450 2067 conabimur.

1720 2142 1753 2180 ς.
1775 2148 1807 2182 4.·
