1961 2438
717 90 1106 123 ORATIO.
1609 100 1649 138 37

160 180 260 224 hujus
290 179 448 220 honorem
480 178 562 210 tueri
586 178 633 210 sic
658 179 813 223 potuisti,
839 186 875 211 ut
901 180 1023 212 Victori
1048 190 1116 211 non
1148 180 1297 218 cesseris,
1330 178 1385 211 sed
1411 180 1514 214 stadio
1538 181 1645 215 deces-

159 239 240 270 seris
263 238 378 270 virtute
403 247 461 280 par
487 243 647 268 veterano.

211 350 285 384 Tibi
315 351 453 389 etenim,
486 350 754 394 praestantissime
787 350 1001 382 BERGSMA!
1033 351 1124 383 trado
1151 351 1384 384 Testimonium
1417 354 1543 386 chartae
1576 366 1648 399 per-

162 419 318 451 gamenae
342 408 551 450 inscriptum,
587 406 676 450 quod
710 417 780 438 sors
808 407 950 451 profecto
973 418 1041 438 non
1081 408 1192 450 iniqua
1221 408 1293 439 Tibi
1322 409 1456 449 tribuit,
1489 422 1569 443 auro
1592 412 1653 443 du-

163 465 247 497 dum
274 465 394 503 diviti,
429 464 553 495 vincere
581 471 685 496 sueto.
753 465 801 496 Tu
838 466 926 496 enim
961 467 1202 508 Franequerae‚
1232 466 1396 508 quondam
1431 479 1536 507 meae,
1567 468 1648 500 dum

163 522 277 554 studiis
313 532 442 565 operam
477 520 607 562 dabas,
648 521 789 563 primum
818 531 836 552 a
865 522 1084 565 Groninganis
1106 546 1116 560 ‚
1158 522 1317 554 Chemico
1347 526 1546 563 certamine,
1582 526 1651 568 pal-

160 589 250 611 mam
287 578 434 611 retulisti.
491 579 570 609 Mox
596 576 636 609 ad
662 578 858 620 Trajectinos
894 577 1055 622 profectus
1092 579 1128 609 in
1168 579 1286 611 horum
1320 592 1452 625 quoque
1479 583 1650 615 Academia

162 637 276 669 Victor
307 642 480 667 coronatus
514 645 557 666 es.
593 652 640 661 —
675 646 785 673 nunc,
821 638 1004 667 transmissa
1034 635 1110 667 inde
1137 638 1407 669 commentatione
1432 645 1485 670 tua
1514 640 1653 672 similem

165 691 251 736 apud
275 693 342 724 Nos
362 691 519 724 honorem
545 693 760 735 consequeris.
815 694 920 733 Quam
950 693 1060 725 tertiae
1089 694 1240 726 victoriae
1269 694 1404 738 gloriam
1439 697 1559 729 Frisius
1590 708 1651 741 ego

156 747 223 780 tibi
246 748 395 793 populari
416 759 488 781 meo
513 759 552 780 ex
574 749 683 780 animo
711 747 871 792 gratulor.

209 864 289 895 Ecce
308 874 406 904 vero,
428 863 506 896 alter
529 863 619 897 adest
644 864 810 908 popularis
845 875 936 896 meus
959 876 1063 898 'rAco
1086 877 1255 899 noonns
1279 867 1377 911 (4)!
1411 871 1460 900 Tu
1493 870 1651 902 nimirum

169 920 298 965 Optime
317 920 464 952 Juvenis!
489 921 575 964 apud
595 922 714 953 Frisios
738 932 805 952 non
831 921 946 965 frigere
968 922 1075 954 studia
1104 923 1220 954 eximie
1247 923 1382 966 probas,
1407 926 1502 968 quie
1529 925 1649 969 longis-

168 976 248 1008 sime
269 987 287 1007 a
305 977 398 1008 nobis
422 977 551 1008 boream
579 988 691 1009 versus
719 976 828 1008 dissita
853 980 1019 1009 Musarum
1054 979 1127 1010 sede
1158 979 1223 1010 huc
1256 982 1459 1023 perveneris,
1492 988 1530 1013 ut
1559 993 1648 1025 prae-

172 1023 295 1072 mium,
332 1032 372 1064 ad
404 1033 493 1076 quod
527 1032 635 1077 plures
666 1044 734 1065 non
762 1033 895 1077 indigne
924 1034 1146 1078 adspirarunt,
1176 1038 1225 1067 Tu
1252 1035 1438 1079 dignissime
1466 1044 1653 1081 reportares,

168 1089 292 1133 Accipe
313 1089 428 1133 igitur,
451 1077 618 1134 nostrique
641 1101 766 1122 memor
792 1090 832 1122 ad
855 1098 928 1123 tuos
947 1091 1056 1124 redeas
1085 1103 1198 1126 ovans.

211 1195 417 1234 Nobilissime
449 1214 590 1238 DEnzt.
614 1204 709 1247 (5)!
743 1206 917 1239 rectissime
950 1207 1102 1251 intelligis
1138 1207 1178 1239 ad
1211 1209 1496 1253 jurisprudentiam
1525 1211 1650 1255 eiegau-

167 1258 282 1290 tiorem
309 1260 430 1302 optime
448 1262 553 1303 parari
576 1264 661 1293 viam
680 1273 737 1305 per
755 1262 986 1294 humaniorum
1005 1265 1183 1296 Literarum
1206 1267 1320 1299 studia,
1368 1271 1422 1300 His
1444 1269 1541 1312 igitur
1558 1281 1648 1312 prae.

167 1315 251 1356 plare
278 1316 460 1349 excolendis
493 1324 530 1349 ut
562 1317 702 1349 fructum
731 1318 823 1349 illum
848 1322 994 1362 quaeris,
1023 1321 1067 1352 ita
1098 1328 1130 1352 et
1154 1322 1289 1365 gloriam
1323 1327 1528 1368 consequeris
1560 1326 1649 1360 haud

166 1372 330 1418 vulgarem
342 1386 355 1417 3
378 1374 535 1406 nimirum
559 1375 643 1407 intra
671 1374 770 1418 hujus
796 1377 875 1408 anni
906 1377 1066 1420 spatium,
1087 1379 1231 1421 primum
1260 1390 1279 1412 e
1302 1381 1484 1424 Trajectino
1503 1386 1650 1415 certami-

236 1453 250 1463 »ψ
1609 1453 1650 1475 ne

161 1577 227 1617 (4)
258 1586 337 1609 TAC
350 1589 369 1609 o
397 1589 447 1610 Ro
459 1590 586 1621 onus,
615 1582 798 1622 Theologiae
816 1584 994 1615 Candidatus
1013 1585 1044 1615 in
1063 1585 1216 1616 Academia
1233 1585 1434 1624 Groningana.
1477 1587 1644 1625 Respondit

259 1631 295 1660 ad
319 1632 516 1668 quaestionem
537 1643 552 1662 a
575 1634 659 1665 Nob.
680 1637 926 1673 Philosophorum
947 1644 975 1666 et
991 1637 1188 1667 Literatorum
1212 1639 1321 1668 Ordine
1333 1640 1537 1677 propositam3
1559 1640 1651 1678 Quum

261 1683 293 1710 in
320 1684 482 1722 exponenda
509 1685 657 1725 Theologia
688 1689 838 1718 Naturali
868 1691 979 1728 saepias
1001 1697 1170 1728 provocetur
1195 1690 1237 1719 ad
1260 1692 1413 1728 πρόληψιν,
1447 1692 1565 1725 Eurotam
1596 1694 1652 1720 sive

262 1733 494 1770 anticipationem
511 1747 583 1775 quac
604 1739 728 1770 omnihus
740 1762 751 1776 ,
772 1749 884 1771 DEUM
914 1752 989 1778 esse,
1013 1742 1187 1780 persuadeat
1194 1753 1206 1778 ,·
1235 1743 1412 1779 quaeritur,
1441 1742 1514 1779 qaid
1538 1742 1651 1772 Veteres

260 1792 280 1813 E
292 1793 355 1813 Plc
369 1796 388 1815 υ
399 1797 416 1816 R
431 1797 451 1816 E
462 1797 473 1817 1
510 1796 537 1817 et
567 1798 581 1818 s
594 1799 613 1819 T
624 1799 661 1820 01
672 1799 690 1820 c
701 1800 712 1820 1
745 1793 789 1821 his
824 1793 933 1822 vocibus
975 1793 1189 1829 intellexerint,·
1219 1810 1257 1815 -
1292 1803 1345 1831 qao
1379 1803 1458 1822 sensa
1492 1793 1652 1830 hujusmodi

262 1839 432 1875 anticipatio
461 1843 549 1869 menti
565 1848 681 1871 nostrae
702 1845 740 1872 sit
767 1844 960 1881 vindicanda;
982 1858 1018 1866 ·—
1050 1851 1076 1873 et
1095 1847 1220 1883 possitne
1240 1844 1306 1874 inde
1328 1846 1395 1884 effici
1405 1866 1416 1881 ‚
1437 1854 1487 1874 DE
1500 1853 1556 1873 um
1574 1847 1652 1874 esse?

166 1910 237 1955 (5)
266 1921 494 1945 GERARDus
523 1926 684 1956 DEDEL,
716 1921 830 1952 Philos.
857 1921 971 1952 Theor.
998 1929 1026 1951 et
1052 1922 1115 1952 Lit.
1146 1922 1237 1952 Hum.
1270 1922 1457 1952 Candidatus.
1506 1921 1649 1950 Exhibuit

263 1963 353 1994 eidem
378 1966 480 1996 Ordini
495 1989 505 2004 ,
529 1976 560 1998 ut
586 1966 793 2011 quaerebatur,
815 1974 976 2002 Historiam
1004 1973 1143 2003 Criticam
1164 1974 1353 2004 Bibliothecae
1378 1972 1607 2003 Alexandrinae.

922 2040 991 2080 Ε3
