1930 2448
325 143 342 169 4
687 127 950 158 CORNELII
980 125 1198 158 ADRIANI
1228 128 1476 159 BERGSMA

323 216 400 243 solae
419 213 447 242 in
463 210 570 242 nostris
588 210 745 247 provinciis
766 209 1037 247 septentrionalibus
1057 209 1262 244 observantur,
1285 211 1350 247 (ι)
1365 211 1464 239 deinde
1485 211 1549 240 illac
1566 210 1594 240 in
1612 211 1694 247 aquis
1711 212 1830 243 Sanctae

323 263 487 298 Brunonis,
508 262 692 299 Pippezeype
714 262 798 291 dictis
812 270 908 298 prope
924 260 1120 295 Anderlecht,
1143 270 1245 297 pagum
1262 261 1394 290 dissitum
1409 271 1471 293 non
1487 264 1573 299 longe
1590 272 1606 291 a
1627 262 1780 293 Bruxellis.

362 314 495 351 Inprimis
523 323 639 351 agemus
665 315 699 343 de
724 314 781 343 illis
813 312 1072 343 incrustationibus
1100 321 1170 348 quae
1198 312 1382 341 inveniuntur
1406 314 1487 349 ⁸apud
1511 313 1708 350 Rockaniam‚
1738 324 1833 345 earum

325 367 399 396 enim
421 375 493 402 quae
511 372 580 394 sunt
604 365 634 394 in
658 365 764 395 vicinia
784 365 850 402 pagi
869 364 1044 393 Anderlccht
1063 364 1097 392 de
1123 364 1228 400 quibus
1246 365 1375 400 loquitur
1396 365 1447 394 Cl.
1464 365 1566 394 Burtin
1586 366 1653 402 (2)
1673 367 1834 396 examinan-

322 418 420 446 darum
441 416 556 446 occasio
578 416 782 452 mini,c1efuit‚
807 417 876 453 (3)
898 416 955 445 illis
978 423 1072 444 autem
1095 425 1166 452 quae
1192 425 1284 452 prope
1306 416 1478 445 Rockaniam
1507 423 1647 445 occurunt
1671 417 1743 446 bene
1768 426 1832 446 exa-

321 468 456 503 minatis,
478 467 566 505 adjuti
584 468 704 504 insuper
723 467 974 496 observationibus
997 476 1066 503 quas
1093 469 1171 497 dedit
1195 469 1243 498 Cl.
1261 468 1383 503 Bumin,
1405 475 1469 497 tuto
1489 469 1617 504 generale
1639 469 1777 506 judicium
1797 471 1831 499 de

320 519 454 548 omnibus
484 518 764 553 incrustationibus,
791 527 862 554 quae
883 518 1002 547 forsitan
1021 519 1088 547 alibi
1111 520 1298 549 inveniuntur
1321 519 1449 556 proferre
1476 528 1562 556 posse
1582 519 1666 548 nobis
1688 519 1829 550 videmus.

321 571 410 608 Quod
424 578 493 600 vero
509 570 544 598 ad
561 570 777 607 responsionem
798 569 940 605 pertinet,
964 577 1103 605 quantum
1120 578 1243 607 potem,
1264 571 1330 607 quia
1343 580 1357 600 e
1377 571 1497 600 Chemia
1516 571 1666 607 proposita
1685 579 1729 601 est
1746 581 1831 608 quac-

318 623 392 658 stio‚
413 623 499 660 hujus
515 623 582 652 artis
598 623 703 652 auxilia
730 622 872 652 adhibebo
889 623 923 651 ad
939 622 1177 653 incrustationum
1195 630 1322 652 naturam
1341 622 1394 651 rite
1412 623 1660 659 cognoscendam,
1682 632 1770 660 eaque
1784 624 1833 653 de—

316 675 437 712 tegenda
460 683 532 711 quae
552 674 585 704 ad
606 673 807 703 formationem
825 674 929 703 horum
948 682 1104 710 corporum
1124 674 1232 710 aliquid.
1253 673 1385 702 efficiant.

781 913 1366 943 INTRODUCTIO.

311 1002 550 1063 Incrustationes
568 1033 732 1062 Rockaniae
749 1034 934 1064 inveniuntur
952 1035 980 1064 in
998 1043 1087 1071 parvo
1109 1042 1211 1071 stagno
1229 1034 1347 1071 cognit'o
1365 1035 1420 1063 sub
1439 1034 1554 1064 nomine
1572 1033 1606 1062 de
1621 1034 1723 1069 Waal,
1745 1036 1825 1070 quod

308 1086 395 1115 situm
416 1093 459 1114 est
479 1086 508 1114 in
526 1085 726 1122 jurisdictione
746 1086 929 1121 Rockaniae,
951 1095 1043 1123 prope
1057 1095 1160 1122 pagum
1179 1087 1303 1122 ejusdem
1322 1085 1446 1114 nominis
1465 1086 1520 1123 (4)
1535 1105 1545 1120 ‚
1566 1084 1595 1114 in
1612 1085 1705 1114 insula
1727 1088 1826 1115 Voorn

312 1136 461 1172 latitudine
482 1135 535 1172 51⁰
556 1136 602 1171 52¹
622 1137 720 1171 29‘'2‚
743 1137 924 1172 longitudine
948 1139 980 1166 1⁰
1003 1139 1053 1174 44¹
1074 1138 1148 1173 5⁶43
1171 1137 1390 1166 delineationem
1411 1136 1512 1173 Stagni
1530 1136 1694 1165 Rockaniae
1709 1137 1744 1166 ad
1763 1146 1826 1166 sca·

311 1186 366 1215 lam
387 1196 497 1222 0.,0004
518 1186 584 1215 hnic
610 1186 806 1216 dissertationi
831 1188 947 1223 addidi,
968 1195 1000 1216 ut
1017 1189 1051 1216 de
1070 1188 1161 1216 forma
1180 1195 1207 1216 et
1228 1187 1392 1216 extensione
1414 1186 1552 1224 judicium
1576 1186 1644 1215 ferri
1666 1196 1778 1224 posset.

352 1238 423 1274 Agri
445 1238 550 1265 circum
576 1244 706 1274 stagnum
727 1237 807 1267 illum
831 1228 879 1267 siti
895 1247 996 1275 aggere
1016 1238 1122 1267 inclusi
1142 1245 1228 1273 sunt,
1250 1238 1289 1267 ita
1313 1245 1345 1266 ut
1365 1246 1441 1273 aqua·
1455 1243 1563 1266 tantum
1581 1247 1631 1274 per
1651 1239 1826 1269 emissarium

312 1289 399 1318 fluere
422 1287 536 1324 possit,
565 1288 651 1325 hujus
677 1289 770 1324 stagni
790 1296 818 1317 et
841 1289 984 1317 fossarum
1012 1298 1085 1325 aqua
1111 1296 1289 1318 sustentatur
1314 1288 1431 1325 pluvia,
1454 1297 1526 1322 aqua
1555 1289 1629 1316 enim
1648 1291 1825 1318 tumulorum

311 1347 497 1368 arenosorum
519 1338 592 1367 intra
615 1346 746 1375 stagnum
766 1347 794 1368 et
817 1349 892 1368 mare
917 1340 1039 1368 sitorum
1065 1348 1099 1368 eo
1119 1340 1251 1368 accedere
1267 1349 1326 1368 non
1344 1344 1459 1375 potest,
1480 1344 1539 1366 tum
1558 1338 1623 1373 quia
1642 1348 1727 1376 agger
1743 1340 1832 1370 inter-

307 1392 402 1429 jacet,
433 1397 492 1418 tum
521 1391 599 1425 quod
629 1390 805 1420 emissarium
832 1392 919 1429 hujus
942 1400 1032 1427 aquae
1057 1390 1241 1420 exsiccationi
1267 1388 1448 1422 inserviens,
1480 1388 1536 1416 alio
1562 1389 1628 1417 loco
1655 1390 1826 1427 invenitur,

308 1447 408 1477 posset
431 1447 522 1468 autem
543 1441 602 1469 fieri
627 1442 730 1476 quodsi
749 1449 821 1471 terra
838 1443 877 1471 ibi
896 1443 1105 1480 scaturiginosa
1123 1449 1220 1477 esset,
1242 1442 1292 1470 sed
1309 1441 1382 1470 hanc
1402 1449 1460 1468 rem
1482 1440 1618 1468 affirmare
1638 1450 1698 1471 non
1711 1442 1823 1479 audeo,

308 1490 374 1519 licet
393 1491 462 1519 mihi
486 1492 566 1519 vaide
585 1493 743 1527 probabilis
762 1493 902 1523 videatur.

346 1542 428 1571 Clar.
444 1543 535 1571 Pallas
551 1550 652 1577 aquam
676 1543 763 1580 hujus
781 1545 873 1580 stagni
884 1565 893 1580 ‚
910 1554 1012 1581 aquam
1032 1545 1166 1574 marinam
1183 1552 1246 1573 esse
1263 1543 1411 1572 affirmavit
1432 1543 1447 1579 (
1459 1543 1523 1578 5),
1552 1541 1603 1570 sed
1623 1540 1732 1571 fallitur
1749 1552 1824 1579 aqua

1752 1601 1828 1623 enirn

337 1656 376 1692 (ι
390 1657 403 1691 )
425 1660 496 1686 clar.
512 1660 536 1694 J.
553 1659 581 1688 F.
600 1658 726 1687 Martinet
737 1680 745 1691 ‚
763 1661 787 1686 in
798 1660 862 1685 libi-0
873 1661 914 1685 cui
929 1660 1014 1685 titulus
1027 1666 1035 1683 ε
1052 1658 1266 1690 Verbandelingen
1280 1664 1310 1682 en
1331 1655 1530 1687 waarnetningen
1545 1662 1607 1680 over
1620 1654 1652 1680 de
1661 1656 1825 1688 Natuurlijke
1870 1695 1871 1698 Ἴ

304 1705 417 1731 Histoi-ie
436 1707 605 1732 meerendeeis
626 1715 674 1733 van
697 1715 743 1733 ons
762 1706 917 1738 Vaderland‚
946 1712 1003 1739 pag.
1017 1713 1076 1732 221.
1103 1705 1223 1737 loquitur
1240 1704 1272 1729 de
1295 1701 1532 1728 incrustationibus
1551 1702 1576 1726 in
1594 1702 1695 1733 Frisia3
1713 1701 1759 1728 sed
1783 1710 1826 1729 eu

306 1749 426 1777 invenire
449 1759 501 1778 non
521 1754 607 1785 potui.

336 1794 402 1825 (α)
427 1795 666 1824 qucois-Xavier
687 1800 780 1826 Burtin
794 1819 801 1830 ‚
822 1800 1042 1832 Oryctographie
1061 1797 1095 1823 de
1119 1799 1275 1825 Bruxelies.
1300 1804 1360 1830 pag·
1377 1796 1419 1828 65.
1460 1825 1463 1828 .

335 1840 349 1873 (
364 1841 405 1875 3)
436 1843 529 1867 Postea
545 1848 627 1870 autem
645 1847 717 1870 ilium
735 1848 823 1871 locum
843 1847 947 1872 visitavi
965 1853 991 1872 et
1007 1846 1041 1870 ibi
1058 1847 1262 1871 incrustationes
1281 1845 1382 1870 inveni.
1399 1842 1524 1876 (Mense
1549 1843 1661 1874 Augusti
1680 1844 1742 1875 ¹823
1752 1843 1777 1876 ).
1823 1860 1826 1864 -

337 1887 404 1920 (4)
430 1888 561 1920 Quantum
576 1894 589 1910 θ
610 1894 712 1912 ¹¹0¹¹¹¹¹¹2
733 1894 871 1923 conjicere
883 1895 948 1918 licet
960 1912 967 1922 ,
987 1893 1036 1918 hae
1056 1893 1261 1917 incrustationes
1278 1891 1316 1916 ibi
1332 1891 1383 1922 jam
1399 1897 1412 1914 a
1427 1891 1508 1921 longo
1524 1888 1584 1914 inde
1606 1893 1726 1922 tempore
1743 1890 1826 1915 fuisse

305 1933 440 1960 viden'nr.
477 1935 538 1958 Vox
558 1927 785 1967 eiiiin‘Rockanje
807 1939 848 1963 vei
866 1941 1029 1972 Rockmge,
1048 1946 1076 1964 ut
1094 1945 1126 1964 ex
1146 1938 1341 1970 comparatione
1359 1935 1492 1969 ejusmodi
1513 1935 1659 1961 verborum
1678 1942 1749 1968 patet
1773 1936 1825 1968 sig-

300 1982 447 2007 nificatione
465 1978 605 2011 rotsacsm'g
620 1986 713 2011 utpute
733 1985 880 2016 composita
902 1992 915 2007 e
937 1993 1004 2011 voce
1026 1987 1127 2011 Gallica
1151 1995 1209 2014 roc,
1227 1984 1298 2010 roclte
1315 1992 1340 2011 et
1363 1985 1547 2010 terminatione
1570 1984 1647 2016 anje,
1666 1991 1731 2016 agne
1749 1982 1820 2016 quod

304 2034 342 2053 esi
356 2035 473 2053 rostrum
493 2026 595 2058 aelflige,
613 2033 697 2062 pigna,-
719 2030 805 2057 eadem
824 2033 891 2058 ratio
905 2032 1008 2058 obtinet
1025 2031 1051 2056 in
1069 2029 1182 2056 vocibus
1198 2034 1356 2064 Campagne,
1370 2039 1493 2063 maragne
1510 2028 1744 2064 (moetasachtig)
1759 2029 1821 2063 fim-

298 2081 379 2111 ¹tange·
390 2093 397 2103 ,
417 2076 517 2105 Orange
539 2073 551 2103 ξ
564 2076 726 2109 goudnc'urig
740 2080 763 2109 ).

337 2123 343 2146 ζ
368 2129 379 2146 z
399 2123 408 2153 )
439 2120 572 2147 ment-hus
593 2123 805 2156 Zootrhitornm,
831 2133 858 2158 p.
876 2134 918 2159 40.
941 2125 1007 2152 edit.
1026 2125 1158 2158 belgicae.
1175 2133 1236 2159 pag.
1255 2133 1297 2159 49.
