<?xml version="1.0" encoding="UTF-8"?>
<!DOCTYPE html PUBLIC "-//W3C//DTD XHTML 1.0 Transitional//EN"
    "http://www.w3.org/TR/xhtml1/DTD/xhtml1-transitional.dtd">
<html xmlns="http://www.w3.org/1999/xhtml" xml:lang="en" lang="en">
 <head>
  <title>
</title>
<meta http-equiv="Content-Type" content="text/html;charset=utf-8" />
  <meta name='ocr-system' content='tesseract 3.04.00' />
  <meta name='ocr-capabilities' content='ocr_page ocr_carea ocr_par ocr_line ocrx_word'/>
</head>
<body>
  <div class='ocr_page' id='page_1' title='image "annalesacademiae22rijk_0019.png"; bbox 0 0 1961 2438; ppageno 0'>
   <div class='ocr_carea' id='block_1_1' title="bbox 285 184 1632 251">
    <p class='ocr_par' dir='ltr' id='par_1_1' title="bbox 285 184 1632 251">
     <span class='ocr_line' id='line_1_1' title="bbox 285 184 1632 251; baseline -0.008 1"><span class='ocrx_word' id='word_1_1' title='bbox 285 189 537 251; x_wconf 89' lang='lat' dir='ltr'>ACTA</span> <span class='ocrx_word' id='word_1_2' title='bbox 603 214 660 245; x_wconf 87' lang='lat' dir='ltr'><strong>ET</strong></span> <span class='ocrx_word' id='word_1_3' title='bbox 727 184 1047 244; x_wconf 79' lang='lat' dir='ltr'><strong>GESTA&#39;</strong></span> <span class='ocrx_word' id='word_1_4' title='bbox 1111 213 1165 246; x_wconf 75' lang='lat' dir='ltr'><strong>m</strong></span> <span class='ocrx_word' id='word_1_5' title='bbox 1232 184 1632 247; x_wconf 62' lang='lat' dir='ltr'><strong>SENA-TU</strong></span> 
     </span>
    </p>
   </div>
   <div class='ocr_carea' id='block_1_2' title="bbox 402 301 1514 346">
    <p class='ocr_par' dir='ltr' id='par_1_2' title="bbox 402 301 1514 346">
     <span class='ocr_line' id='line_1_2' title="bbox 402 301 1514 346; baseline -0.004 -2"><span class='ocrx_word' id='word_1_6' title='bbox 402 304 777 346; x_wconf 85' lang='lat' dir='ltr'><strong>ACADEMIAE</strong></span> <span class='ocrx_word' id='word_1_7' title='bbox 822 301 1139 345; x_wconf 88' lang='lat' dir='ltr'><strong>LUGDUNO</strong></span> <span class='ocrx_word' id='word_1_8' title='bbox 1162 325 1181 333; x_wconf 93' lang='lat'>-</span> <span class='ocrx_word' id='word_1_9' title='bbox 1199 302 1514 341; x_wconf 83' lang='lat' dir='ltr'><strong>BATAVAE.</strong></span> 
     </span>
    </p>
   </div>
   <div class='ocr_carea' id='block_1_3' title="bbox 224 431 1692 799">
    <p class='ocr_par' dir='ltr' id='par_1_3' title="bbox 224 431 1692 643">
     <span class='ocr_line' id='line_1_3' title="bbox 224 431 1692 484; baseline -0.006 -11"><span class='ocrx_word' id='word_1_10' title='bbox 224 440 318 475; x_wconf 75' lang='lat'>1822.</span> <span class='ocrx_word' id='word_1_11' title='bbox 347 442 408 474; x_wconf 88' lang='lat' dir='ltr'><strong>Die</strong></span> <span class='ocrx_word' id='word_1_12' title='bbox 433 451 456 473; x_wconf 78' lang='lat' dir='ltr'>v</span> <span class='ocrx_word' id='word_1_13' title='bbox 476 440 597 484; x_wconf 89' lang='lat' dir='ltr'><strong>Aprilis</strong></span> <span class='ocrx_word' id='word_1_14' title='bbox 621 440 734 472; x_wconf 86' lang='lat' dir='ltr'><strong>Tristis</strong></span> <span class='ocrx_word' id='word_1_15' title='bbox 760 438 893 472; x_wconf 84' lang='lat' dir='ltr'><strong>Senatui</strong></span> <span class='ocrx_word' id='word_1_16' title='bbox 916 436 1030 470; x_wconf 89' lang='lat' dir='ltr'><strong>allatus</strong></span> <span class='ocrx_word' id='word_1_17' title='bbox 1072 445 1120 471; x_wconf 85' lang='lat' dir='ltr'><strong>est</strong></span> <span class='ocrx_word' id='word_1_18' title='bbox 1160 439 1300 470; x_wconf 90' lang='lat' dir='ltr'><strong>nuncius</strong></span> <span class='ocrx_word' id='word_1_19' title='bbox 1334 435 1374 467; x_wconf 90' lang='lat' dir='ltr'><strong>de</strong></span> <span class='ocrx_word' id='word_1_20' title='bbox 1414 441 1517 467; x_wconf 81' lang='lat' dir='ltr'><strong>morte</strong></span> <span class='ocrx_word' id='word_1_21' title='bbox 1550 432 1620 467; x_wconf 88' lang='lat' dir='ltr'><strong>Viri</strong></span> <span class='ocrx_word' id='word_1_22' title='bbox 1644 431 1692 464; x_wconf 84' lang='lat' dir='ltr'><strong>el.</strong></span> 
     </span>
     <span class='ocr_line' id='line_1_4' title="bbox 392 486 1692 527; baseline -0.008 -1"><span class='ocrx_word' id='word_1_23' title='bbox 392 505 569 527; x_wconf 64' lang='lat' dir='ltr'><strong>saonen</strong></span> <span class='ocrx_word' id='word_1_24' title='bbox 599 503 777 526; x_wconf 63' lang='lat' dir='ltr'><strong>somnus</strong></span> <span class='ocrx_word' id='word_1_25' title='bbox 806 503 883 525; x_wconf 74' lang='lat' dir='ltr'><strong>VAN</strong></span> <span class='ocrx_word' id='word_1_26' title='bbox 920 504 997 523; x_wconf 67' lang='lat' dir='ltr'><strong>Dian</strong></span> <span class='ocrx_word' id='word_1_27' title='bbox 1029 503 1134 524; x_wconf 72' lang='lat' dir='ltr'><strong>Boou</strong></span> <span class='ocrx_word' id='word_1_28' title='bbox 1167 500 1329 527; x_wconf 64' lang='lat' dir='ltr'><strong>mesca,</strong></span> <span class='ocrx_word' id='word_1_29' title='bbox 1359 487 1442 520; x_wconf 88' lang='lat' dir='ltr'><strong>Prof.</strong></span> <span class='ocrx_word' id='word_1_30' title='bbox 1473 490 1507 519; x_wconf 90' lang='lat' dir='ltr'><strong>in</strong></span> <span class='ocrx_word' id='word_1_31' title='bbox 1533 486 1692 519; x_wconf 85' lang='lat' dir='ltr'><strong>Facultate</strong></span> 
     </span>
     <span class='ocr_line' id='line_1_5' title="bbox 395 539 1692 588; baseline -0.008 -10"><span class='ocrx_word' id='word_1_32' title='bbox 395 547 607 578; x_wconf 83' lang='lat' dir='ltr'><strong>scientiarum</strong></span> <span class='ocrx_word' id='word_1_33' title='bbox 638 546 935 578; x_wconf 77' lang='lat' dir='ltr'><strong>Mathematicarum</strong></span> <span class='ocrx_word' id='word_1_34' title='bbox 966 551 998 576; x_wconf 85' lang='lat' dir='ltr'><strong>et</strong></span> <span class='ocrx_word' id='word_1_35' title='bbox 1023 544 1231 588; x_wconf 85' lang='lat' dir='ltr'><strong>Physicarum</strong></span> <span class='ocrx_word' id='word_1_36' title='bbox 1265 540 1532 580; x_wconf 83' lang='lat' dir='ltr'><strong>Extraordinarii,</strong></span> <span class='ocrx_word' id='word_1_37' title='bbox 1562 540 1597 570; x_wconf 87' lang='lat' dir='ltr'><strong>in</strong></span> <span class='ocrx_word' id='word_1_38' title='bbox 1621 539 1692 581; x_wconf 89' lang='lat' dir='ltr'><strong>ipso</strong></span> 
     </span>
     <span class='ocr_line' id='line_1_6' title="bbox 392 599 873 643; baseline 0.004 -13"><span class='ocrx_word' id='word_1_39' title='bbox 392 600 501 631; x_wconf 88' lang='lat' dir='ltr'><strong>aetatis</strong></span> <span class='ocrx_word' id='word_1_40' title='bbox 523 599 603 631; x_wconf 89' lang='lat' dir='ltr'><strong>flore</strong></span> <span class='ocrx_word' id='word_1_41' title='bbox 632 610 650 631; x_wconf 93' lang='lat' dir='ltr'><strong>e</strong></span> <span class='ocrx_word' id='word_1_42' title='bbox 673 602 739 632; x_wconf 88' lang='lat' dir='ltr'><strong>vita</strong></span> <span class='ocrx_word' id='word_1_43' title='bbox 761 600 873 643; x_wconf 80' lang='lat' dir='ltr'><strong>erepti.</strong></span> 
     </span>
    </p>

    <p class='ocr_par' dir='ltr' id='par_1_4' title="bbox 393 643 1691 799">
     <span class='ocr_line' id='line_1_7' title="bbox 436 643 1691 687; baseline -0.006 -4"><span class='ocrx_word' id='word_1_44' title='bbox 436 651 558 683; x_wconf 89' lang='lat' dir='ltr'><strong>Eodem</strong></span> <span class='ocrx_word' id='word_1_45' title='bbox 588 651 640 683; x_wconf 92' lang='lat' dir='ltr'><strong>die</strong></span> <span class='ocrx_word' id='word_1_46' title='bbox 665 654 812 685; x_wconf 85' lang='lat' dir='ltr'><strong>recitatae</strong></span> <span class='ocrx_word' id='word_1_47' title='bbox 837 659 914 685; x_wconf 87' lang='lat' dir='ltr'><strong>sunt</strong></span> <span class='ocrx_word' id='word_1_48' title='bbox 939 652 1049 684; x_wconf 88' lang='lat' dir='ltr'><strong>literae</strong></span> <span class='ocrx_word' id='word_1_49' title='bbox 1067 650 1186 684; x_wconf 90' lang='lat' dir='ltr'><strong>lllustr.</strong></span> <span class='ocrx_word' id='word_1_50' title='bbox 1205 650 1308 684; x_wconf 88' lang='lat' dir='ltr'><strong>Acad.</strong></span> <span class='ocrx_word' id='word_1_51' title='bbox 1334 650 1548 683; x_wconf 81' lang='lat' dir='ltr'><strong>Curatorum‚</strong></span> <span class='ocrx_word' id='word_1_52' title='bbox 1572 643 1691 687; x_wconf 83' lang='lat' dir='ltr'><strong>quibus</strong></span> 
     </span>
     <span class='ocr_line' id='line_1_8' title="bbox 395 697 1691 746; baseline -0.008 -11"><span class='ocrx_word' id='word_1_53' title='bbox 395 705 435 735; x_wconf 84' lang='lat' dir='ltr'><strong>ad</strong></span> <span class='ocrx_word' id='word_1_54' title='bbox 453 707 605 736; x_wconf 76' lang='lat' dir='ltr'><strong>Senatum</strong></span> <span class='ocrx_word' id='word_1_55' title='bbox 628 703 768 736; x_wconf 83' lang='lat' dir='ltr'><strong>defertur</strong></span> <span class='ocrx_word' id='word_1_56' title='bbox 797 715 883 735; x_wconf 90' lang='lat' dir='ltr'><strong>nova</strong></span> <span class='ocrx_word' id='word_1_57' title='bbox 919 703 1057 736; x_wconf 85' lang='lat' dir='ltr'><strong>formula</strong></span> <span class='ocrx_word' id='word_1_58' title='bbox 1083 704 1279 746; x_wconf 87' lang='lat' dir='ltr'><strong>Diplomatis</strong></span> <span class='ocrx_word' id='word_1_59' title='bbox 1306 701 1477 733; x_wconf 87' lang='lat' dir='ltr'><strong>doctoralis</strong></span> <span class='ocrx_word' id='word_1_60' title='bbox 1501 708 1519 740; x_wconf 83' lang='grc'><strong><em>5</em></strong></span> <span class='ocrx_word' id='word_1_61' title='bbox 1535 697 1647 729; x_wconf 80' lang='lat' dir='ltr'><strong>Martii</strong></span> <span class='ocrx_word' id='word_1_62' title='bbox 1674 705 1691 725; x_wconf 89' lang='lat' dir='ltr'><strong>a</strong></span> 
     </span>
     <span class='ocr_line' id='line_1_9' title="bbox 393 755 647 799; baseline -0.004 -12"><span class='ocrx_word' id='word_1_63' title='bbox 393 756 480 799; x_wconf 86' lang='lat' dir='ltr'><strong>Rege</strong></span> <span class='ocrx_word' id='word_1_64' title='bbox 508 755 647 790; x_wconf 84' lang='lat' dir='ltr'><strong>decreta.</strong></span> 
     </span>
    </p>
   </div>
   <div class='ocr_carea' id='block_1_4' title="bbox 352 836 1692 984">
    <p class='ocr_par' dir='ltr' id='par_1_5' title="bbox 352 836 1692 984">
     <span class='ocr_line' id='line_1_10' title="bbox 352 836 1692 887; baseline -0.004 -11"><span class='ocrx_word' id='word_1_65' title='bbox 352 854 365 876; x_wconf 77' lang='lat' dir='ltr'>x</span> <span class='ocrx_word' id='word_1_66' title='bbox 386 843 475 887; x_wconf 80' lang='lat' dir='ltr'><strong>Maji.</strong></span> <span class='ocrx_word' id='word_1_67' title='bbox 520 844 637 876; x_wconf 89' lang='lat' dir='ltr'>Denuo</span> <span class='ocrx_word' id='word_1_68' title='bbox 662 844 868 876; x_wconf 85' lang='lat' dir='ltr'><strong>contristatus</strong></span> <span class='ocrx_word' id='word_1_69' title='bbox 893 850 940 875; x_wconf 92' lang='lat' dir='ltr'><strong>est</strong></span> <span class='ocrx_word' id='word_1_70' title='bbox 963 847 1097 877; x_wconf 87' lang='lat' dir='ltr'><strong>Senatus</strong></span> <span class='ocrx_word' id='word_1_71' title='bbox 1112 867 1124 884; x_wconf 90' lang='lat'><strong>‚</strong></span> <span class='ocrx_word' id='word_1_72' title='bbox 1154 848 1285 886; x_wconf 86' lang='lat' dir='ltr'><strong>accepto</strong></span> <span class='ocrx_word' id='word_1_73' title='bbox 1321 844 1444 874; x_wconf 78' lang='lat' dir='ltr'><strong>nuncio</strong></span> <span class='ocrx_word' id='word_1_74' title='bbox 1476 839 1590 872; x_wconf 85' lang='lat' dir='ltr'><strong>mortis</strong></span> <span class='ocrx_word' id='word_1_75' title='bbox 1622 836 1692 867; x_wconf 83' lang='lat' dir='ltr'><strong>Viri</strong></span> 
     </span>
     <span class='ocr_line' id='line_1_11' title="bbox 393 893 1688 940; baseline -0.006 -12"><span class='ocrx_word' id='word_1_76' title='bbox 393 895 440 928; x_wconf 85' lang='lat' dir='ltr'><strong>Cl.</strong></span> <span class='ocrx_word' id='word_1_77' title='bbox 454 907 530 928; x_wconf 65' lang='grc' dir='ltr'><strong>ΗΕΒ</strong></span> <span class='ocrx_word' id='word_1_78' title='bbox 538 907 576 929; x_wconf 87' lang='grc' dir='ltr'><strong>Μ.</strong></span> <span class='ocrx_word' id='word_1_79' title='bbox 598 907 716 929; x_wconf 79' lang='lat' dir='ltr'>TOLLI</span> <span class='ocrx_word' id='word_1_80' title='bbox 726 909 737 928; x_wconf 93' lang='lat'>1</span> <span class='ocrx_word' id='word_1_81' title='bbox 748 921 759 938; x_wconf 89' lang='lat'><strong>,</strong></span> <span class='ocrx_word' id='word_1_82' title='bbox 776 898 811 929; x_wconf 87' lang='lat' dir='ltr'><strong>in</strong></span> <span class='ocrx_word' id='word_1_83' title='bbox 826 898 984 930; x_wconf 80' lang='lat' dir='ltr'><strong>Facultate</strong></span> <span class='ocrx_word' id='word_1_84' title='bbox 997 897 1222 940; x_wconf 83' lang='lat' dir='ltr'>Philosophiae</span> <span class='ocrx_word' id='word_1_85' title='bbox 1239 896 1443 928; x_wconf 77' lang='lat' dir='ltr'><strong>Theoreticae</strong></span> <span class='ocrx_word' id='word_1_86' title='bbox 1460 900 1491 926; x_wconf 83' lang='lat' dir='ltr'><strong>et</strong></span> <span class='ocrx_word' id='word_1_87' title='bbox 1509 893 1688 925; x_wconf 80' lang='lat' dir='ltr'><strong>Literarum</strong></span> 
     </span>
     <span class='ocr_line' id='line_1_12' title="bbox 394 948 1008 984; baseline 0.002 -3"><span class='ocrx_word' id='word_1_88' title='bbox 394 951 633 983; x_wconf 85' lang='lat' dir='ltr'><strong>Humaniorum</strong></span> <span class='ocrx_word' id='word_1_89' title='bbox 661 948 849 980; x_wconf 88' lang='lat' dir='ltr'><strong>Professoris</strong></span> <span class='ocrx_word' id='word_1_90' title='bbox 870 951 1008 984; x_wconf 86' lang='lat' dir='ltr'><strong>emeriti.</strong></span> 
     </span>
    </p>
   </div>
   <div class='ocr_carea' id='block_1_5' title="bbox 353 1031 1696 1290">
    <p class='ocr_par' dir='ltr' id='par_1_6' title="bbox 353 1031 1696 1290">
     <span class='ocr_line' id='line_1_13' title="bbox 353 1031 1696 1080; baseline -0.004 -13"><span class='ocrx_word' id='word_1_91' title='bbox 353 1045 389 1070; x_wconf 69' lang='grc' dir='ltr'><strong>ιν</strong></span> <span class='ocrx_word' id='word_1_92' title='bbox 411 1036 498 1080; x_wconf 82' lang='lat' dir='ltr'><strong>Maji.</strong></span> <span class='ocrx_word' id='word_1_93' title='bbox 545 1038 658 1068; x_wconf 78' lang='lat' dir='ltr'>Lectae</span> <span class='ocrx_word' id='word_1_94' title='bbox 676 1042 752 1068; x_wconf 88' lang='lat' dir='ltr'><strong>sunt</strong></span> <span class='ocrx_word' id='word_1_95' title='bbox 771 1037 879 1070; x_wconf 84' lang='lat' dir='ltr'><strong>literae</strong></span> <span class='ocrx_word' id='word_1_96' title='bbox 893 1036 1070 1070; x_wconf 82' lang='lat' dir='ltr'><strong>Illustrium</strong></span> <span class='ocrx_word' id='word_1_97' title='bbox 1087 1038 1186 1071; x_wconf 89' lang='lat' dir='ltr'><strong>Acad.</strong></span> <span class='ocrx_word' id='word_1_98' title='bbox 1204 1040 1396 1070; x_wconf 82' lang='lat' dir='ltr'><strong>curatorum</strong></span> <span class='ocrx_word' id='word_1_99' title='bbox 1419 1046 1474 1067; x_wconf 88' lang='lat' dir='ltr'><strong>xv1</strong></span> <span class='ocrx_word' id='word_1_100' title='bbox 1491 1033 1619 1069; x_wconf 85' lang='lat' dir='ltr'><strong>Martii,</strong></span> <span class='ocrx_word' id='word_1_101' title='bbox 1643 1031 1696 1062; x_wconf 89' lang='lat' dir='ltr'><strong>cui</strong></span> 
     </span>
     <span class='ocr_line' id='line_1_14' title="bbox 396 1084 1694 1134; baseline -0.005 -13"><span class='ocrx_word' id='word_1_102' title='bbox 396 1089 554 1132; x_wconf 87' lang='lat' dir='ltr'><strong>adjectum</strong></span> <span class='ocrx_word' id='word_1_103' title='bbox 572 1097 653 1122; x_wconf 90' lang='lat' dir='ltr'><strong>esset</strong></span> <span class='ocrx_word' id='word_1_104' title='bbox 675 1091 771 1134; x_wconf 83' lang='lat' dir='ltr'><strong>Regis</strong></span> <span class='ocrx_word' id='word_1_105' title='bbox 786 1090 948 1122; x_wconf 88' lang='lat' dir='ltr'><strong>decretum</strong></span> <span class='ocrx_word' id='word_1_106' title='bbox 961 1113 971 1128; x_wconf 93' lang='lat'><strong><em>,</em></strong></span> <span class='ocrx_word' id='word_1_107' title='bbox 995 1101 1061 1133; x_wconf 92' lang='lat' dir='ltr'><strong>quo</strong></span> <span class='ocrx_word' id='word_1_108' title='bbox 1088 1090 1135 1123; x_wconf 91' lang='lat' dir='ltr'><strong>Cl.</strong></span> <span class='ocrx_word' id='word_1_109' title='bbox 1157 1103 1179 1125; x_wconf 80' lang='lat' dir='ltr'><strong>s.</strong></span> <span class='ocrx_word' id='word_1_110' title='bbox 1204 1102 1339 1123; x_wconf 55' lang='grc' dir='ltr'><strong><em>Νηῦν(</em></strong></span> <span class='ocrx_word' id='word_1_111' title='bbox 1352 1101 1427 1122; x_wconf 64' lang='lat' dir='ltr'><strong>mvn</strong></span> <span class='ocrx_word' id='word_1_112' title='bbox 1440 1098 1515 1124; x_wconf 77' lang='lat' dir='ltr'><strong>uls,</strong></span> <span class='ocrx_word' id='word_1_113' title='bbox 1541 1087 1575 1116; x_wconf 91' lang='lat' dir='ltr'><strong>in</strong></span> <span class='ocrx_word' id='word_1_114' title='bbox 1595 1084 1694 1117; x_wconf 83' lang='lat' dir='ltr'><strong>Athe-</strong></span> 
     </span>
     <span class='ocr_line' id='line_1_15' title="bbox 393 1139 1691 1187; baseline -0.005 -13"><span class='ocrx_word' id='word_1_115' title='bbox 393 1152 476 1174; x_wconf 89' lang='lat' dir='ltr'><strong>naeo</strong></span> <span class='ocrx_word' id='word_1_116' title='bbox 501 1142 724 1175; x_wconf 86' lang='lat' dir='ltr'><strong>Daventriensi</strong></span> <span class='ocrx_word' id='word_1_117' title='bbox 764 1142 987 1187; x_wconf 84' lang='lat' dir='ltr'>Philosophiae</span> <span class='ocrx_word' id='word_1_118' title='bbox 1017 1150 1049 1175; x_wconf 90' lang='lat' dir='ltr'><strong>et</strong></span> <span class='ocrx_word' id='word_1_119' title='bbox 1083 1145 1261 1176; x_wconf 82' lang='lat' dir='ltr'><strong>Matheseos</strong></span> <span class='ocrx_word' id='word_1_120' title='bbox 1293 1142 1476 1178; x_wconf 84' lang='lat' dir='ltr'><strong>Professor,</strong></span> <span class='ocrx_word' id='word_1_121' title='bbox 1506 1139 1691 1179; x_wconf 83' lang='lat' dir='ltr'><strong>designatur</strong></span> 
     </span>
     <span class='ocr_line' id='line_1_16' title="bbox 393 1193 1693 1239; baseline -0.005 -14"><span class='ocrx_word' id='word_1_122' title='bbox 393 1194 555 1227; x_wconf 86' lang='lat' dir='ltr'><strong>Professor</strong></span> <span class='ocrx_word' id='word_1_123' title='bbox 589 1196 625 1226; x_wconf 89' lang='lat' dir='ltr'><strong>in</strong></span> <span class='ocrx_word' id='word_1_124' title='bbox 648 1195 748 1237; x_wconf 85' lang='lat' dir='ltr'><strong>hujus</strong></span> <span class='ocrx_word' id='word_1_125' title='bbox 770 1195 956 1229; x_wconf 84' lang='lat' dir='ltr'>Academiae</span> <span class='ocrx_word' id='word_1_126' title='bbox 988 1197 1147 1229; x_wconf 87' lang='lat' dir='ltr'><strong>Facultate</strong></span> <span class='ocrx_word' id='word_1_127' title='bbox 1177 1195 1401 1239; x_wconf 83' lang='lat' dir='ltr'><strong>Philosophiae</strong></span> <span class='ocrx_word' id='word_1_128' title='bbox 1435 1193 1638 1225; x_wconf 84' lang='lat' dir='ltr'><strong>Theoreticae</strong></span> <span class='ocrx_word' id='word_1_129' title='bbox 1661 1195 1693 1220; x_wconf 83' lang='lat' dir='ltr'><strong>et</strong></span> 
     </span>
     <span class='ocr_line' id='line_1_17' title="bbox 393 1249 850 1290; baseline 0.002 -11"><span class='ocrx_word' id='word_1_130' title='bbox 393 1249 575 1280; x_wconf 90' lang='lat' dir='ltr'><strong>Literarum</strong></span> <span class='ocrx_word' id='word_1_131' title='bbox 602 1249 850 1290; x_wconf 79' lang='lat' dir='ltr'><strong>Humaniorum.</strong></span> 
     </span>
    </p>
   </div>
   <div class='ocr_carea' id='block_1_6' title="bbox 353 1331 1697 1694">
    <p class='ocr_par' dir='ltr' id='par_1_7' title="bbox 353 1331 1697 1694">
     <span class='ocr_line' id='line_1_18' title="bbox 353 1331 1690 1383; baseline -0.005 -14"><span class='ocrx_word' id='word_1_132' title='bbox 353 1346 418 1369; x_wconf 85' lang='lat' dir='ltr'><strong>xxv</strong></span> <span class='ocrx_word' id='word_1_133' title='bbox 440 1336 527 1378; x_wconf 88' lang='lat' dir='ltr'><strong>Maji.</strong></span> <span class='ocrx_word' id='word_1_134' title='bbox 573 1337 620 1368; x_wconf 83' lang='lat' dir='ltr'><strong>Ex</strong></span> <span class='ocrx_word' id='word_1_135' title='bbox 644 1337 758 1369; x_wconf 87' lang='lat' dir='ltr'><strong>Literis</strong></span> <span class='ocrx_word' id='word_1_136' title='bbox 781 1338 974 1371; x_wconf 88' lang='lat' dir='ltr'><strong>Curatorum</strong></span> <span class='ocrx_word' id='word_1_137' title='bbox 1004 1350 1060 1372; x_wconf 73' lang='lat' dir='ltr'><strong>xxx</strong></span> <span class='ocrx_word' id='word_1_138' title='bbox 1078 1339 1176 1383; x_wconf 83' lang='lat' dir='ltr'><strong>Maji,</strong></span> <span class='ocrx_word' id='word_1_139' title='bbox 1202 1337 1380 1380; x_wconf 87' lang='lat' dir='ltr'><strong>iisdemque</strong></span> <span class='ocrx_word' id='word_1_140' title='bbox 1408 1334 1536 1376; x_wconf 79' lang='lat' dir='ltr'><strong>adjectis</strong></span> <span class='ocrx_word' id='word_1_141' title='bbox 1562 1331 1690 1364; x_wconf 87' lang='lat' dir='ltr'><strong>duobus</strong></span> 
     </span>
     <span class='ocr_line' id='line_1_19' title="bbox 395 1388 1694 1435; baseline -0.001 -15"><span class='ocrx_word' id='word_1_142' title='bbox 395 1391 491 1432; x_wconf 84' lang='lat' dir='ltr'><strong>Regis</strong></span> <span class='ocrx_word' id='word_1_143' title='bbox 505 1388 652 1429; x_wconf 86' lang='lat' dir='ltr'><strong>decretis,</strong></span> <span class='ocrx_word' id='word_1_144' title='bbox 676 1389 775 1422; x_wconf 86' lang='lat' dir='ltr'><strong>altero</strong></span> <span class='ocrx_word' id='word_1_145' title='bbox 791 1402 855 1423; x_wconf 82' lang='lat' dir='ltr'><strong>xxx</strong></span> <span class='ocrx_word' id='word_1_146' title='bbox 873 1391 1011 1435; x_wconf 82' lang='lat' dir='ltr'><strong>Aprilis,</strong></span> <span class='ocrx_word' id='word_1_147' title='bbox 1035 1392 1135 1424; x_wconf 87' lang='lat' dir='ltr'><strong>altero</strong></span> <span class='ocrx_word' id='word_1_148' title='bbox 1156 1402 1203 1424; x_wconf 85' lang='lat' dir='ltr'><strong>vn</strong></span> <span class='ocrx_word' id='word_1_149' title='bbox 1219 1393 1296 1435; x_wconf 79' lang='lat' dir='ltr'><strong>Maji</strong></span> <span class='ocrx_word' id='word_1_150' title='bbox 1308 1415 1318 1429; x_wconf 91' lang='lat'><strong>‚</strong></span> <span class='ocrx_word' id='word_1_151' title='bbox 1337 1391 1505 1433; x_wconf 86' lang='lat' dir='ltr'><strong>apparuit,</strong></span> <span class='ocrx_word' id='word_1_152' title='bbox 1529 1389 1694 1417; x_wconf 77' lang='lat' dir='ltr'><strong>Lectorem</strong></span> 
     </span>
     <span class='ocr_line' id='line_1_20' title="bbox 396 1438 1696 1486; baseline -0.006 -12"><span class='ocrx_word' id='word_1_153' title='bbox 396 1443 432 1474; x_wconf 89' lang='lat' dir='ltr'><strong>in</strong></span> <span class='ocrx_word' id='word_1_154' title='bbox 463 1443 623 1475; x_wconf 84' lang='lat' dir='ltr'><strong>Facultate</strong></span> <span class='ocrx_word' id='word_1_155' title='bbox 647 1444 859 1475; x_wconf 76' lang='lat' dir='ltr'><strong>scientiarum</strong></span> <span class='ocrx_word' id='word_1_156' title='bbox 889 1445 1186 1477; x_wconf 87' lang='lat' dir='ltr'><strong>Mathematicarum</strong></span> <span class='ocrx_word' id='word_1_157' title='bbox 1221 1452 1253 1477; x_wconf 87' lang='lat' dir='ltr'><strong>et</strong></span> <span class='ocrx_word' id='word_1_158' title='bbox 1289 1445 1501 1486; x_wconf 84' lang='lat' dir='ltr'><strong>Physicarum</strong></span> <span class='ocrx_word' id='word_1_159' title='bbox 1538 1438 1696 1469; x_wconf 87' lang='lat' dir='ltr'><strong>coustitu-</strong></span> 
     </span>
     <span class='ocr_line' id='line_1_21' title="bbox 397 1491 1696 1533; baseline -0.005 -6"><span class='ocrx_word' id='word_1_160' title='bbox 397 1502 468 1527; x_wconf 79' lang='lat' dir='ltr'><strong>tum</strong></span> <span class='ocrx_word' id='word_1_161' title='bbox 493 1507 560 1527; x_wconf 87' lang='lat' dir='ltr'><strong>esse</strong></span> <span class='ocrx_word' id='word_1_162' title='bbox 586 1499 701 1529; x_wconf 89' lang='lat' dir='ltr'><strong>Virum</strong></span> <span class='ocrx_word' id='word_1_163' title='bbox 723 1498 954 1528; x_wconf 90' lang='lat' dir='ltr'><strong>Doctissimum</strong></span> <span class='ocrx_word' id='word_1_164' title='bbox 979 1509 1008 1530; x_wconf 79' lang='grc' dir='ltr'><strong>Ρ.</strong></span> <span class='ocrx_word' id='word_1_165' title='bbox 1036 1509 1061 1530; x_wconf 80' lang='lat' dir='ltr'><strong>J.</strong></span> <span class='ocrx_word' id='word_1_166' title='bbox 1091 1508 1388 1533; x_wconf 66' lang='lat' dir='ltr'>UYLENBROEK,</span> <span class='ocrx_word' id='word_1_167' title='bbox 1424 1493 1609 1526; x_wconf 84' lang='lat' dir='ltr'><strong>Academiae</strong></span> <span class='ocrx_word' id='word_1_168' title='bbox 1635 1491 1696 1521; x_wconf 89' lang='lat' dir='ltr'><strong>hu·</strong></span> 
     </span>
     <span class='ocr_line' id='line_1_22' title="bbox 400 1544 1695 1590; baseline -0.003 -14"><span class='ocrx_word' id='word_1_169' title='bbox 400 1550 453 1587; x_wconf 73' lang='lat' dir='ltr'><strong>jus</strong></span> <span class='ocrx_word' id='word_1_170' title='bbox 486 1549 589 1579; x_wconf 74' lang='lat' dir='ltr'><strong>nivem</strong></span> <span class='ocrx_word' id='word_1_171' title='bbox 605 1572 614 1583; x_wconf 86' lang='grc'><strong>,</strong></span> <span class='ocrx_word' id='word_1_172' title='bbox 647 1548 858 1582; x_wconf 84' lang='lat' dir='ltr'><strong>Professorem</strong></span> <span class='ocrx_word' id='word_1_173' title='bbox 891 1561 968 1579; x_wconf 86' lang='lat' dir='ltr'><strong>vero</strong></span> <span class='ocrx_word' id='word_1_174' title='bbox 992 1551 1027 1580; x_wconf 91' lang='lat' dir='ltr'><strong>in</strong></span> <span class='ocrx_word' id='word_1_175' title='bbox 1052 1549 1213 1581; x_wconf 85' lang='lat' dir='ltr'><strong>Facultate</strong></span> <span class='ocrx_word' id='word_1_176' title='bbox 1240 1547 1464 1590; x_wconf 82' lang='lat' dir='ltr'><strong>Philosophiae</strong></span> <span class='ocrx_word' id='word_1_177' title='bbox 1491 1544 1695 1576; x_wconf 85' lang='lat' dir='ltr'><strong>Theoreticae</strong></span> 
     </span>
     <span class='ocr_line' id='line_1_23' title="bbox 400 1598 1697 1634; baseline -0.002 -5"><span class='ocrx_word' id='word_1_178' title='bbox 400 1603 433 1629; x_wconf 89' lang='lat' dir='ltr'><strong>et</strong></span> <span class='ocrx_word' id='word_1_179' title='bbox 463 1598 642 1628; x_wconf 86' lang='lat' dir='ltr'><strong>Literarum</strong></span> <span class='ocrx_word' id='word_1_180' title='bbox 675 1599 910 1631; x_wconf 85' lang='lat' dir='ltr'><strong>Humaniorum</strong></span> <span class='ocrx_word' id='word_1_181' title='bbox 949 1603 1064 1634; x_wconf 89' lang='lat' dir='ltr'><strong>Virum</strong></span> <span class='ocrx_word' id='word_1_182' title='bbox 1104 1603 1334 1634; x_wconf 90' lang='lat' dir='ltr'><strong>Doctissimum</strong></span> <span class='ocrx_word' id='word_1_183' title='bbox 1374 1612 1404 1633; x_wconf 65' lang='grc' dir='ltr'><strong>ι».</strong></span> <span class='ocrx_word' id='word_1_184' title='bbox 1431 1606 1697 1630; x_wconf 69' lang='lat' dir='ltr'><strong>florMAmNUM</strong></span> 
     </span>
     <span class='ocr_line' id='line_1_24' title="bbox 399 1652 1320 1694; baseline 0.004 -12"><span class='ocrx_word' id='word_1_185' title='bbox 399 1661 679 1691; x_wconf 70' lang='lat' dir='ltr'>PEERLKAMP,</span> <span class='ocrx_word' id='word_1_186' title='bbox 704 1652 874 1694; x_wconf 86' lang='lat' dir='ltr'><strong>Gymnasii</strong></span> <span class='ocrx_word' id='word_1_187' title='bbox 898 1653 1115 1686; x_wconf 88' lang='lat' dir='ltr'><strong>Harlemensis</strong></span> <span class='ocrx_word' id='word_1_188' title='bbox 1139 1657 1320 1687; x_wconf 82' lang='lat' dir='ltr'><strong>Rectorem.</strong></span> 
     </span>
    </p>
   </div>
   <div class='ocr_carea' id='block_1_7' title="bbox 356 1735 1694 1828">
    <p class='ocr_par' dir='ltr' id='par_1_8' title="bbox 356 1735 1694 1828">
     <span class='ocr_line' id='line_1_25' title="bbox 356 1735 1694 1784; baseline -0.001 -14"><span class='ocrx_word' id='word_1_189' title='bbox 356 1749 378 1771; x_wconf 84' lang='lat' dir='ltr'>v</span> <span class='ocrx_word' id='word_1_190' title='bbox 398 1739 413 1770; x_wconf 87' lang='lat' dir='ltr'><strong>J</strong></span> <span class='ocrx_word' id='word_1_191' title='bbox 420 1739 499 1771; x_wconf 89' lang='lat' dir='ltr'><strong>unii.</strong></span> <span class='ocrx_word' id='word_1_192' title='bbox 542 1740 617 1771; x_wconf 92' lang='lat' dir='ltr'><strong>Dies</strong></span> <span class='ocrx_word' id='word_1_193' title='bbox 640 1751 658 1771; x_wconf 90' lang='lat' dir='ltr'><strong>a</strong></span> <span class='ocrx_word' id='word_1_194' title='bbox 679 1742 768 1772; x_wconf 82' lang='lat' dir='ltr'><strong>Rect.</strong></span> <span class='ocrx_word' id='word_1_195' title='bbox 791 1742 901 1784; x_wconf 84' lang='lat' dir='ltr'><strong>Magn.</strong></span> <span class='ocrx_word' id='word_1_196' title='bbox 923 1740 1028 1773; x_wconf 84' lang='lat' dir='ltr'><strong>dictus</strong></span> <span class='ocrx_word' id='word_1_197' title='bbox 1061 1749 1109 1773; x_wconf 89' lang='lat' dir='ltr'><strong>est</strong></span> <span class='ocrx_word' id='word_1_198' title='bbox 1139 1741 1339 1774; x_wconf 82' lang='lat' dir='ltr'><strong>orationibus</strong></span> <span class='ocrx_word' id='word_1_199' title='bbox 1369 1739 1526 1773; x_wconf 84' lang='lat' dir='ltr'><strong>habendis</strong></span> <span class='ocrx_word' id='word_1_200' title='bbox 1563 1748 1580 1768; x_wconf 88' lang='lat' dir='ltr'><strong>a</strong></span> <span class='ocrx_word' id='word_1_201' title='bbox 1607 1735 1694 1769; x_wconf 87' lang='lat' dir='ltr'><strong>Viris</strong></span> 
     </span>
     <span class='ocr_line' id='line_1_26' title="bbox 403 1792 1452 1828; baseline 0.004 -5"><span class='ocrx_word' id='word_1_202' title='bbox 403 1792 592 1824; x_wconf 84' lang='lat' dir='ltr'><strong>Clarissimis</strong></span> <span class='ocrx_word' id='word_1_203' title='bbox 620 1804 661 1824; x_wconf 80' lang='lat' dir='ltr'><strong>Nl</strong></span> <span class='ocrx_word' id='word_1_204' title='bbox 673 1803 871 1827; x_wconf 73' lang='lat' dir='ltr'>EUWENHU</span> <span class='ocrx_word' id='word_1_205' title='bbox 883 1804 917 1827; x_wconf 92' lang='lat' dir='ltr'><strong>1s</strong></span> <span class='ocrx_word' id='word_1_206' title='bbox 939 1803 971 1827; x_wconf 90' lang='lat' dir='ltr'><strong>et</strong></span> <span class='ocrx_word' id='word_1_207' title='bbox 994 1806 1167 1828; x_wconf 68' lang='lat' dir='ltr'><strong>HGEMAN</strong></span> <span class='ocrx_word' id='word_1_208' title='bbox 1191 1805 1452 1827; x_wconf 71' lang='lat' dir='ltr'>PEERLKAMP.</span> 
     </span>
    </p>
   </div>
   <div class='ocr_carea' id='block_1_8' title="bbox 363 1880 1697 1978">
    <p class='ocr_par' dir='ltr' id='par_1_9' title="bbox 363 1880 1697 1978">
     <span class='ocr_line' id='line_1_27' title="bbox 363 1880 1697 1915; baseline -0.001 -2"><span class='ocrx_word' id='word_1_209' title='bbox 363 1888 405 1911; x_wconf 83' lang='lat' dir='ltr'><strong>xv</strong></span> <span class='ocrx_word' id='word_1_210' title='bbox 427 1880 524 1912; x_wconf 83' lang='lat' dir='ltr'><strong>Junii.</strong></span> <span class='ocrx_word' id='word_1_211' title='bbox 577 1882 604 1912; x_wconf 79' lang='lat' dir='ltr'>A</span> <span class='ocrx_word' id='word_1_212' title='bbox 627 1881 712 1912; x_wconf 84' lang='lat' dir='ltr'><strong>Viris</strong></span> <span class='ocrx_word' id='word_1_213' title='bbox 747 1880 796 1915; x_wconf 86' lang='lat' dir='ltr'><strong>Cl.</strong></span> <span class='ocrx_word' id='word_1_214' title='bbox 828 1892 1126 1914; x_wconf 63' lang='lat' dir='ltr'><strong>mrmwmvnnis</strong></span> <span class='ocrx_word' id='word_1_215' title='bbox 1163 1889 1195 1914; x_wconf 87' lang='lat' dir='ltr'><strong>et</strong></span> <span class='ocrx_word' id='word_1_216' title='bbox 1231 1893 1405 1914; x_wconf 69' lang='lat' dir='ltr'><strong>HOFMAN</strong></span> <span class='ocrx_word' id='word_1_217' title='bbox 1448 1888 1697 1912; x_wconf 76' lang='lat' dir='ltr'><strong>PEERLKAMP</strong></span> 
     </span>
     <span class='ocr_line' id='line_1_28' title="bbox 406 1933 1696 1978; baseline -0.001 -14"><span class='ocrx_word' id='word_1_218' title='bbox 406 1933 492 1976; x_wconf 87' lang='lat' dir='ltr'><strong>apud</strong></span> <span class='ocrx_word' id='word_1_219' title='bbox 512 1933 697 1965; x_wconf 87' lang='lat' dir='ltr'><strong>Academiae</strong></span> <span class='ocrx_word' id='word_1_220' title='bbox 727 1936 896 1966; x_wconf 86' lang='lat' dir='ltr'><strong>Curatores</strong></span> <span class='ocrx_word' id='word_1_221' title='bbox 921 1935 1053 1966; x_wconf 89' lang='lat' dir='ltr'><strong>solenne</strong></span> <span class='ocrx_word' id='word_1_222' title='bbox 1075 1936 1217 1978; x_wconf 85' lang='lat' dir='ltr'><strong>juratum</strong></span> <span class='ocrx_word' id='word_1_223' title='bbox 1250 1942 1298 1966; x_wconf 90' lang='lat' dir='ltr'><strong>est</strong></span> <span class='ocrx_word' id='word_1_224' title='bbox 1330 1933 1571 1977; x_wconf 79' lang='lat' dir='ltr'><strong>Jusjurandum.</strong></span> <span class='ocrx_word' id='word_1_225' title='bbox 1618 1934 1696 1963; x_wconf 85' lang='lat' dir='ltr'><strong>Mox</strong></span> 
     </span>
    </p>
   </div>
   <div class='ocr_carea' id='block_1_9' title="bbox 403 1985 1698 2073">
    <p class='ocr_par' dir='ltr' id='par_1_10' title="bbox 403 1985 1698 2073">
     <span class='ocr_line' id='line_1_29' title="bbox 403 1985 1696 2032; baseline -0.002 -16"><span class='ocrx_word' id='word_1_226' title='bbox 403 1986 492 2029; x_wconf 87' lang='lat' dir='ltr'><strong>prior</strong></span> <span class='ocrx_word' id='word_1_227' title='bbox 517 1997 636 2021; x_wconf 87' lang='lat' dir='ltr'><strong>munus</strong></span> <span class='ocrx_word' id='word_1_228' title='bbox 658 1988 845 2031; x_wconf 82' lang='lat' dir='ltr'><strong>capessivit,</strong></span> <span class='ocrx_word' id='word_1_229' title='bbox 875 1989 983 2021; x_wconf 85' lang='lat' dir='ltr'><strong>habita</strong></span> <span class='ocrx_word' id='word_1_230' title='bbox 1005 1991 1150 2021; x_wconf 86' lang='lat' dir='ltr'><strong>oratione</strong></span> <span class='ocrx_word' id='word_1_231' title='bbox 1175 1991 1227 2021; x_wconf 81' lang='lat' dir='ltr'><strong>De</strong></span> <span class='ocrx_word' id='word_1_232' title='bbox 1242 1990 1440 2032; x_wconf 70' lang='lat' dir='ltr'><strong>praestantia</strong></span> <span class='ocrx_word' id='word_1_233' title='bbox 1469 1985 1696 2028; x_wconf 74' lang='lat' dir='ltr'><strong>Philosophiae</strong></span> 
     </span>
     <span class='ocr_line' id='line_1_30' title="bbox 1039 2037 1698 2073; baseline -0.009 0"><span class='ocrx_word' id='word_1_234' title='bbox 1039 2044 1062 2073; x_wconf 85' lang='lat' dir='ltr'><strong>B</strong></span> <span class='ocrx_word' id='word_1_235' title='bbox 1594 2037 1698 2070; x_wconf 75' lang='lat' dir='ltr'><strong>Theo-</strong></span> 
     </span>
    </p>
   </div>
  </div>
 </body>
</html>
