1930 2448
658 141 1028 173 oRATio
1554 157 1589 188 ις

110 225 140 257 la
174 226 255 257 vitae
284 227 467 258 Jonesianae
508 237 580 271 pars
615 227 829 260 nobilioribus
867 230 987 273 ingenii
1020 230 1178 263 exercitiis
1211 232 1427 277 ope.·i't›..sque
1454 246 1585 267 vacave*

110 283 153 314 rit
172 282 421 322 immortalibus)
446 283 612 316 dubitetne
626 308 636 327 ‚
658 286 810 328 inquam,
836 292 942 318 tamen
959 287 1074 330 aliquis
1098 300 1172 320 enm
1191 291 1316 333 reliquo
1338 291 1419 323 vitae
1436 298 1580 335 tempore

111 339 299 382 sibimetipsi
328 351 453 384 semper
477 341 613 373 similem
635 349 665 373 et
694 353 823 386 parem,
846 343 909 375 hoc
934 351 1040 376 autem
1063 352 1130 377 toto
1153 346 1330 386 decennio,
1357 350 1445 392 quod
1469 350 1510 381 ad
1529 362 1585 382 ex·

111 402 249 428 tremum
274 399 356 429 vitae
374 398 458 429 diem
478 397 564 441 apud
589 398 685 431 Indos
709 400 885 432 Orientales
910 402 1014 444 exegit
1037 413 1254 445 sonamus,
1283 416 1316 436 se
1343 407 1413 448 ipso
1437 409 1583 450 superio·

109 464 177 485 rem
191 452 298 486 fuisse.
343 455 444 493 Hinc,
468 456 615 497 quamvis
638 456 834 499 quotidianis
857 460 998 491 muneris
1024 459 1111 491 illius
1139 460 1299 503 judicialis
1328 462 1443 495 officiis
1467 476 1581 508 perpe·

109 516 167 542 tuo
191 516 273 542 esset
296 509 458 541 districtus
486 517 517 541 et
548 509 738 556 occupatus,
769 515 983 548 nihilominus
1014 516 1102 548 horis
1141 516 1315 550 subsecivis
1351 523 1481 564 otioque
1511 522 1581 554 [πο-

108 566 241 599 vissimo
278 566 428 598 feriarum
459 568 505 599 sic
525 578 603 600 usus
626 576 691 608 est,
722 577 758 602 ut
785 583 826 604 ne
851 574 1019 606 minimam
1051 573 1182 618 quidem
1213 576 1401 617 particulam
1428 579 1583 620 temporis

106 624 177 655 sine
197 622 379 655 studiorum
417 624 637 658 emolumento
660 626 791 660 effluere
817 630 948 664 sineret.
1002 631 1103 673 Cujus
1139 630 1323 674 diligentiae
1350 633 1582 667 documentum

109 689 128 710 a
156 688 300 711 summae
324 681 520 713 auctoritatis
547 682 681 715 testibus
710 693 906 718 memoratur
932 688 1108 731 ejusmodi,
1141 688 1230 731 quod
1257 700 1387 721 omnem
1418 702 1519 734 paene
1543 691 1582 723 fi-

111 734 184 767 dem
206 743 355 780 superet:
388 748 504 781 nempe
538 739 622 770 intra
655 742 920 784 paucissimarum
960 745 1199 777 hebdomadum
1236 746 1394 789 spatium,
1419 748 1498 779 dum
1535 748 1582 779 fo-

109 792 258 825 rensibus
288 793 425 836 negotiis
457 805 576 827 vacuus
605 797 640 828 in
666 809 790 831 secessu
815 801 912 833 rurali
939 802 1140 841 versabatur,
1177 803 1261 834 etin
1289 803 1399 836 multis
1420 805 1581 848 variisque

107 849 222 881 studi-is
249 861 379 893 operam
397 851 557 894 ponebat,
580 854 678 885 semel
703 855 883 901 iterumque
904 858 944 890 ab
973 870 1012 891 eo
1035 859 1210 903 perlectum
1235 859 1332 892 fuisse
1361 872 1489 893 carmen
1506 864 1580 894 Fer-

107 904 235 946 dousii,
259 909 457 939 Persicorum
487 910 655 942 Poetarum
682 913 856 956 Principis,
879 916 968 958 qnod
991 922 1124 947 centum
1149 923 1181 949 et
1206 918 1322 960 viginti
1344 918 1487 951 millibus
1506 930 1579 951 ver-

107 970 203 994 suum
227 959 415 997 absolvitur.
460 967 633 1009 praecipuo
653 975 759 1000 autem
774 970 809 1001 in
832 970 958 1014 linguas
977 972 1102 1004 Indicas
1126 973 1238 1005 ardore
1262 973 1440 1013 ferebatur,
1467 986 1485 1006 e
1505 978 1579 1018 qui-

106 1016 170 1049 bus
199 1020 439 1060 Sanscriticam,
468 1023 719 1065 copiosissimam
750 1025 885 1058 eandem
923 1034 1019 1072 atque
1052 1027 1300 1070 difficillimam,
1329 1032 1453 1074 primus
1478 1032 1578 1063 Euro·

106 1084 260 1117 pacorum
290 1083 362 1118 post
385 1076 622 1119 Wilkensium‚
654 1082 687 1112 in
716 1083 783 1126 ipsa
819 1083 934 1115 harum
969 1084 1133 1117 literarum
1158 1086 1291 1118 infantia
1317 1088 1360 1119 ita
1387 1087 1519 1127 didicit,
1542 1093 1579 1119 ut

106 1129 267 1173 hodieque
289 1133 322 1163 in
345 1143 470 1165 summa
499 1146 607 1168 rerum
632 1138 815 1171 Indicarum
852 1140 945 1180 luce,
979 1153 1098 1185 paucos
1122 1142 1183 1175 sibi
1210 1154 1323 1186 pares,
1352 1143 1460 1176 nullos
1484 1155 1579 1186 supe·

105 1186 206 1218 riores
232 1186 355 1222 habeat.
403 1190 503 1233 Quod
529 1193 582 1224 alii
605 1204 731 1238 semper
750 1195 980 1229 difficillimum
1007 1199 1250 1238 existimarunt,
1278 1200 1491 1232 Brachmanas
1512 1200 1575 1232 sibi

106 1242 277 1275 conciliare
291 1268 301 1282 ,
321 1256 451 1278 suarum
475 1247 695 1281 doctrinarum
710 1257 855 1291 tenaces,
880 1255 1122 1298 Europaeorum
1147 1267 1225 1288 vero
1255 1263 1468 1289 contemtores
1491 1268 1577 1289 acer·

108 1299 233 1338 timos,
258 1302 292 1331 in
314 1312 427 1333 eorum
450 1305 605 1336 ventitare
628 1306 830 1349 disciplinam
845 1331 856 1348 ‚
879 1309 929 1341 his
946 1312 1105 1354 magistris
1122 1318 1241 1343 sacram
1268 1312 1430 1356 lingnam,
1452 1313 1577 1346 idoneis

107 1359 178 1385 tum
195 1355 300 1387 adhuc
323 1359 545 1391 Grammaticis
559 1362 747 1405 Lexicisque
768 1364 971 1406 destitutam,
994 1366 1173 1407 addiscere,
1198 1368 1315 1400 horum
1333 1369 1453 1408 libros,
1482 1380 1577 1401 num-

106 1420 204 1453 quam
234 1409 311 1442 alias
338 1423 413 1444 cum
437 1416 553 1447 exteris
581 1420 855 1460 communicatos,
877 1422 939 1453 sibi
969 1425 1152 1466 acquirere;
1177 1424 1254 1456 haec
1284 1426 1394 1457 omnia
1421 1427 1483 1470 ipsi
1507 1437 1579 1470 pae-

103 1477 146 1499 ne
174 1466 265 1499 lusus
284 1467 440 1513 jocusque
465 1471 606 1506 fuerunt.
651 1476 792 1518 Insignia
818 1488 895 1510 vero
917 1480 1061 1524 variique
1093 1481 1218 1523 generis
1240 1482 1410 1514 commoda
1431 1489 1462 1515 et
1480 1483 1580 1516 bene·

103 1521 199 1562 ficia,
221 1534 304 1567 quae
329 1535 368 1556 ex
389 1525 445 1558 illo
472 1529 581 1561 studio
605 1531 640 1562 in
662 1542 775 1564 omnes
800 1535 1037 1578 propemodum
1065 1536 1251 1581 disciplinas
1277 1539 1523 1580 redundarunt,
1549 1541 1576 1572 si

104 1579 178 1622 quis
209 1590 395 1614 enumerare
420 1587 549 1627 cupiat,
579 1586 636 1618 ubi
668 1589 798 1621 tandem
829 1590 957 1624 dicendi
994 1592 1094 1625 finem
1130 1596 1298 1638 reperiat?
1340 1598 1453 1639 Neque
1488 1597 1576 1628 enim

103 1634 281 1678 quidquam
315 1637 377 1670 fuit
411 1651 521 1672 earum
554 1654 683 1683 rerum,
714 1657 796 1689 quae
823 1648 858 1679 in
886 1648 979 1681 India
1010 1651 1085 1682 sciri
1118 1658 1174 1683 aut
1204 1652 1389 1694 investigari
1417 1659 1571 1696 possunt,

104 1690 193 1733 quod
215 1693 370 1725 intactum
394 1696 618 1743 illibatumque
645 1702 863 1746 relinqueret,
896 1717 955 1737 nec
981 1706 1101 1738 librum
1126 1717 1280 1750 umquam
1306 1714 1419 1740 nactus
1443 1716 1490 1740 est
1515 1720 1573 1741 an.

103 1749 231 1790 tiquum
256 1755 287 1781 et
315 1753 556 1787 memorabilem
572 1778 584 1796 ‚
615 1759 697 1800 quin
718 1771 758 1791 ex
783 1763 971 1794 Sanscritica
1008 1763 1119 1806 lingua
1155 1764 1188 1795 iu
1222 1763 1391 1807 Anglicam
1427 1772 1573 1798 verteret.

103 1804 263 1836 'seruntur
280 1806 385 1840 adhuc
406 1811 552 1852 quotidie
575 1813 885 1849 studiosissimorum
911 1818 1083 1851 hominum
1112 1820 1261 1852 manibus
1291 1827 1323 1853 et
1347 1822 1470 1865 ingenti
1497 1834 1573 1854 cum

102 1858 209 1893 fructu
233 1868 263 1893 et
295 1864 431 1897 utilitate
457 1867 540 1899 inter
572 1871 687 1914 scripta
710 1873 779 1905 Viri
811 1874 964 1918 leguntur
994 1876 1175 1908 Indicarum
1207 1877 1316 1920 legum
1342 1878 1484 1921 digesta,
1516 1891 1572 1911 ve·

103 1919 317 1951 tustissimum
354 1922 542 1964 prudentiae
568 1926 727 1961 humanae
753 1929 1005 1972 documentum,
1035 1932 1161 1964 fabulae
1181 1934 1317 1966 morales
1338 1936 1478 1967 nativam
1506 1935 1572 1966 vir-

101 1973 181 2006 tutis
214 1975 464 2018 pulcritudinem
490 1982 664 2024 spirantes,
690 1985 729 2017 de
754 1988 888 2029 mystica
917 1989 1155 2031 Theologorum
1174 1990 1319 2022 doctrina
1346 2001 1384 2022 ex
1402 1991 1571 2023 Brachma-

101 2039 219 2061 norum
240 2031 330 2064 libris
351 2034 534 2078 depromta,
559 2039 636 2071 item
656 2040 696 2073 de
714 2042 870 2075 Indorum
895 2043 1135 2087 chronologia,
1162 2048 1387 2087 Astronomia,
1412 2047 1572 2079 Medicina

100 2084 196 2117 etiam
221 2093 253 2119 et
278 2089 426 2123 Botanica
449 2091 684 2129 dissertationes
708 2099 916 2140 utilissimae,
943 2106 974 2132 et
1000 2101 1089 2144 quod
1111 2104 1225 2135 merito
1253 2103 1388 2148 reliquis
1415 2104 1568 2136 omnibus

1498 2172 1573 2193 ceu-
