1930 2448
274 97 308 118 10
492 84 1550 125 JACOBIHENRICIVANDERHEIM

277 169 371 199 munis
389 169 462 199 enim
479 168 606 198 omnium
622 169 716 205 legum
734 167 801 198 fons
820 174 864 197 est
883 177 991 198 summa
1010 168 1101 205 ratio,
1125 177 1196 205 quae
1211 169 1341 198 diversos
1362 169 1493 199 homines
1511 170 1632 200 diversis
1651 171 1679 202 in
1696 173 1788 210 regio-

276 221 361 250 nibus
380 227 547 250 constanter
563 220 658 249 eadem
677 219 780 249 docere
798 221 885 248 solet.
929 218 1003 248 Sunt
1030 220 1081 248 hae
1106 221 1203 257 leges,
1224 221 1259 249 de
1284 220 1390 257 quibus
1413 221 1542 257 loquitur
1562 221 1666 251 Cicero
1682 223 1710 252 in
1731 224 1786 253 Or.

275 281 328 308 pro
348 271 418 301 Mil.
437 280 464 300 c.
485 280 514 310 4.
540 280 642 309 „quae
662 279 722 301 non
744 270 869 308 scriptae
890 271 940 300 sed
958 277 1038 300 natae
1065 278 1154 307 sunt,
1179 281 1250 308 quas
1270 280 1329 300 non
1345 271 1517 308 didicimus,
1547 273 1730 310 accepimus,
1749 276 1790 304 le·

277 323 390 359 gimus,
411 331 510 352 verum
537 331 572 352 ex
594 329 692 352 natura
721 322 783 359 ipsa
807 322 1000 359 arripuimus,
1029 322 1201 360 hausimus,
1231 323 1444 360 expressimus,
1467 323 1502 352 ad
1517 332 1586 359 quas
1604 334 1663 354 nou
1688 326 1788 362 docti,

275 375 325 402 scd
340 373 430 411 facti,
453 383 512 404 non
528 373 675 411 instituti,
697 375 747 403 sed
762 374 865 403 imbuti
883 373 1025 404 sumus.''
1065 374 1113 403 Ab
1133 374 1187 404 alio
1214 374 1295 404 etiam
1324 383 1419 403 errore
1448 382 1479 404 ut
1497 384 1647 405 caveamus
1660 397 1670 412 ,
1692 385 1789 406 monet

274 432 333 454 tota
357 426 443 463 hujus
471 425 660 463 legislationis
685 425 827 462 historia,
848 434 884 455 ne
911 425 1022 455 scilicet
1041 425 1126 455 nimis
1149 426 1337 456 Patriciorum
1365 426 1545 462 prudentiam
1566 434 1593 456 et
1619 428 1790 464 aequitatem

274 476 407 505 laudibus
427 477 597 514 efferamus,
621 478 699 514 quod
713 479 789 514 leges
808 483 985 506 externarum
1008 477 1135 514 gentium
1169 487 1346 515 cognoscere
1372 478 1518 508 voluerint
1535 479 1624 516 (24).
1667 480 1742 509 Cum
1762 481 1791 508 in

273 536 303 555 ea
322 537 352 556 re
367 528 468 565 potius
489 529 606 559 illorum
624 536 699 559 artes
725 529 919 559 observandae
938 535 1027 565 sunt,
1051 529 1156 565 quibus
1180 529 1284 558 iterum
1307 529 1423 558 Plebem
1448 530 1561 558 eludere
1590 531 1687 559 conati
1709 538 1789 560 sunt.

271 578 302 607 Si
324 578 397 609 enim
421 580 601 617 superiorum
631 580 760 610 omnium
797 580 1017 610 contentionum
1048 587 1176 610 naturam
1210 581 1283 610 bene
1306 587 1483 617 perspectam
1512 588 1664 618 tenemus,
1701 591 1787 619 appa-

270 636 313 658 ret
335 639 419 667 quam
437 640 504 661 vere
522 631 611 670 Hugo
636 632 680 661 vir
705 632 754 662 Cl.
784 632 907 662 dixerit:
941 638 1035 661 ortum
1061 641 1145 661 suum
1176 632 1232 661 XII
1253 631 1329 662 Tab.
1352 633 1429 669 leges
1456 634 1546 662 multo
1572 633 1661 670 magIS
1688 633 1791 662 debere

271 682 506 713 contentionibus
533 690 628 721 patres
647 684 722 713 inter
739 690 767 712 et
785 684 939 719 tribunos,
960 692 1044 720 quain
1064 682 1142 720 quod
1156 683 1297 713 Romanis
1325 691 1384 713 non
1408 684 1550 712 sufficeret
1561 686 1608 721 jus
1630 685 1732 721 partim
1753 687 1792 714 lc-

270 733 354 769 gibus
374 740 512 763 statutum
528 734 632 772 partim
655 734 784 764 moribus
814 735 1012 764 introductum
1032 735 1096 772 (25
1106 736 1132 771 ).
1173 735 1206 764 In
1224 734 1339 764 civitate
1362 743 1434 771 quae
1458 741 1603 764 trecentos
1621 735 1681 764 fere
1698 744 1790 765 annos

270 790 404 822 steterat,
427 786 500 815 etin
519 795 575 822 qua
598 787 698 824 plures
716 786 799 816 etiam
824 788 901 824 leges
927 787 1052 824 scriptae
1071 792 1282 823 memorantur,
1298 786 1350 824 Jus
1367 786 1544 816 civile.satis
1566 786 1642 816 vires
1659 786 1791 824 potuisse

270 836 412 871 explicare
430 837 586 867 verisimile
601 845 655 868 est.
698 838 804 876 Neque
835 839 919 868 etiam
939 839 1106 877 rogationes
1129 837 1328 868 Tribunorum
1356 846 1389 866 eo
1409 837 1608 875 pertinebant,
1635 845 1666 866 ut
1684 847 1792 868 novum

270 887 496 916 constitueretur
509 890 580 926 jus,
603 898 703 920 verum
723 897 756 920 ut
779 892 827 928 jus
854 890 984 920 moribus
1011 891 1210 921 introductum
1234 889 1432 919 auctoritatem
1460 896 1487 919 et
1513 889 1698 919 stabilitatem
1721 898 1790 919 nan-

269 937 445 975 cisceretur,
468 940 538 969 adeo
560 948 593 970 ut
613 942 649 970 ab
670 950 703 970 eo
723 943 856 972 recedere
873 942 1057 973 Consulibus
1083 951 1143 973 non
1167 941 1284 979 liceret,
1315 949 1350 970 ex
1374 940 1480 977 qulbus
1505 941 1588 977 sequi
1611 941 1722 970 videtur
1740 942 1791 970 Pa-

267 996 343 1024 tres,
362 998 425 1018 cum
443 989 552 1018 diutius
566 992 662 1018 Plebis·
679 992 880 1026 rogationibus
892 995 1027 1024 resistere
1045 1003 1104 1024 non
1116 1000 1257 1032 possent,
1280 993 1352 1022 illud
1369 992 1548 1029 excogitasse
1563 1000 1594 1021 ut
1610 993 1790 1022 mitterentur

266 1040 353 1077 legati
366 1043 461 1078 legum
485 1040 709 1076 quaerendarum
730 1049 816 1070 causa
827 1061 838 1077 ,
855 1049 914 1077 quo
931 1040 1009 1070 facto
1027 1050 1085 1070 rem
1103 1046 1133 1070 in
1149 1052 1298 1077 posterum
1316 1049 1429 1079 tempus
1445 1043 1553 1072 differri
1571 1043 1792 1073 arbitrabantur.

270 1089 353 1120 Hanc
370 1091 539 1121 sententiam
551 1100 610 1128 quo
628 1092 717 1129 magis
737 1094 961 1130 amplectamur,
984 1092 1085 1122 suadet
1099 1091 1289 1121 Patriciorum
1299 1099 1369 1129 post
1385 1095 1543 1130 legatorum
1559 1095 1682 1122 reditum
1692 1093 1792 1130 agendi

269 1140 362 1177 ratiog,
386 1142 430 1171 his
452 1143 526 1172 enim
543 1149 614 1180 post
631 1143 705 1173 duos
723 1152 815 1174 annos
833 1144 864 1174 in
882 1144 1003 1181 patriam
1027 1139 1169 1179 reversis,
1191 1143 1290 1172 accitis
1317 1152 1391 1179 quae
1408 1153 1528 1180 usquam
1545 1144 1657 1180 egregia
1673 1144 1730 1179 (ut
1748 1150 1791 1172 est

270 1192 346 1227 apud
381 1193 539 1231 Tacitum)
568 1193 695 1225 Tribuni
720 1196 778 1233 jam
801 1202 927 1233 urgent,
957 1202 990 1224 ut
1013 1195 1125 1225 tandem
1148 1194 1363 1224 scribendarum
1390 1196 1484 1231 legum
1509 1194 1620 1223 initium
1643 1194 1710 1230 fiat;
1744 1195 1790 1223 hic

266 1243 370 1271 iterum
395 1243 494 1273 Patres
518 1252 646 1283 negant,
668 1256 726 1276 rem
754 1246 839 1276 variis
866 1246 996 1276 artificiis
1022 1245 1136 1276 differre
1163 1252 1325 1281 conantur,
1348 1246 1440 1274 donec
1463 1245 1580 1282 Appius
1598 1245 1738 1275 Claudius
1762 1245 1791 1274 in

267 1302 436 1330 sequentem
455 1304 560 1326 annum
581 1298 695 1327 Consul
713 1298 879 1335 designatus
897 1306 947 1327 eos
965 1298 1074 1327 invitos
1091 1297 1203 1327 tandem
1227 1302 1311 1335 cogat
1329 1296 1426 1325 Plebis
1444 1296 1588 1323 voluntati
1611 1295 1787 1324 satisfacere.

271 1344 367 1374 Placet
382 1346 469 1382 igitur
490 1347 519 1376 in
534 1354 683 1384 posterum
704 1357 810 1378 annum
827 1349 917 1378 creari
942 1348 1120 1385 decemviros
1140 1348 1202 1377 sine
1230 1346 1457 1384 provocatione,
1480 1352 1507 1374 et
1524 1353 1560 1375 ne
1578 1344 1642 1380 quis
1661 1353 1695 1374 eo
1715 1354 1790 1375 anno

270 1396 340 1424 alius
358 1398 538 1433 magistratus
556 1403 642 1426 esset.
684 1396 961 1424 Admiscerenturne
981 1393 1080 1422 Plebei
1093 1413 1104 1428 ,
1127 1393 1325 1422 controversia
1344 1394 1517 1430 aliquamdiu
1541 1395 1613 1424 fuit:
1637 1402 1786 1432 postremo

269 1454 438 1477 concessum
457 1448 589 1478 Patriciis
609 1454 641 1476 ut
660 1456 694 1476 ex
710 1454 810 1475 eorum
824 1453 944 1475 numero
960 1449 1124 1473 crearentur
1138 1443 1311 1479 decemviri,
1334 1445 1420 1474 modo
1439 1454 1474 1474 ne
1488 1447 1533 1474 lex
1547 1446 1622 1483 Julia
1640 1447 1675 1476 de
1690 1448 1790 1476 Aven-

269 1497 330 1525 tino
351 1496 475 1531 aliaeque
506 1505 628 1528 sacratae
650 1499 728 1534 leges
760 1497 967 1533 abrogarentur
991 1495 1096 1532 (26).
1135 1494 1176 1523 Hi
1200 1495 1364 1524 Decemviri
1386 1504 1501 1525 munere
1527 1505 1582 1525 suo
1610 1497 1704 1527 functi
1720 1505 1788 1534 post

268 1555 371 1575 annum
389 1547 460 1575 illud
476 1546 538 1575 aliis
559 1547 736 1576 Decemviris
757 1547 953 1583 tradiderunt,
978 1546 1029 1583 qui
1051 1552 1228 1583 quantopere
1252 1545 1382 1582 potentia
1407 1546 1489 1575 abusi
1518 1547 1597 1583 sint,
1620 1555 1648 1577 et
1673 1550 1784 1583 qualem

267 1597 373 1626 exitum
386 1597 537 1626 habuerint
555 1605 796 1633 supervacaneum
812 1604 855 1626 est·
868 1597 974 1626 dicere.
1012 1597 1106 1633 Leges
1122 1603 1217 1625 autem
1231 1616 1241 1631 ,
1263 1606 1332 1632 quas
1344 1597 1526 1625 Hermodoro
1543 1597 1558 1633 (
1570 1599 1632 1634 27)
1654 1598 1784 1634 Ephesio

270 1649 425 1684 interprete
444 1647 572 1677 adhibito
592 1648 804 1686 confecerunt,
824 1647 948 1686 primum
966 1646 1048 1678 Plebi
1067 1647 1199 1677 roboreis
1215 1647 1321 1677 tabulis
1346 1647 1452 1677 incisae
1475 1648 1664 1685 propositae,
1684 1656 1786 1685 postea

1752 1701 1787 1729 ab

301 1771 379 1805 (24)
398 1771 449 1798 eff.
470 1772 529 1798 Otto
546 1772 573 1798 in
595 1770 685 1799 Praef.
709 1770 781 1798 illius
805 1769 927 1798 Thesauri
947 1770 997 1799 111.
1023 1772 1049 1797 in
1073 1771 1183 1804 capite,
1206 1779 1240 1798 an
1259 1771 1368 1798 Romani
1389 1770 1530 1804 prudenter
1553 1772 1616 1804 leges
1635 1774 1783 1806 peregrinas

263 1819 423 1853 adoptaritzt.

302 1864 380 1898 (25)
404 1864 454 1891 Cff.
469 1864 557 1898 Hugo,
577 1862 686 1890 historia
702 1862 775 1892 Juris
786 1882 794 1896 ,
816 1871 843 1897 p.
857 1863 900 1896 63.
919 1863 987 1890 edit.
1003 1863 1078 1892 evae.

299 1909 379 1944 (26)
399 1911 457 1937 Vid.
472 1912 529 1938 Ην.
547 1911 579 1938 L.
594 1911 646 1938 111.
675 1917 700 1938 c.
713 1917 757 1943 32.
793 1911 860 1936 Item
882 1911 959 1937 Dc'on.
982 1909 1074 1943 Halyc.
1097 1910 1129 1937 L.
1146 1909 1179 1938 X.
1195 1910 1242 1937 ubi
1259 1909 1311 1936 ita:
1330 1911 1360 1938 rb
1376 1909 1405 1936 δὲ
1421 1909 1545 1942 μάλιστ-οε
1565 1912 1659 1937 πεῖσαν
1677 1908 1774 1940 αὖα-οῦς

266 1956 418 1989 (Patricios
436 1957 493 1990 sc.)
508 1959 659 1990 προελέσθαι
674 1961 720 1989 τῆν
734 1958 876 1992 δεκαρχῖκν
888 1955 912 1987 ἦν
925 1956 938 1986 ἦ
953 1958 1003 1984 ’νῦν
1016 1956 1156 1991 δημάρχων
1171 1958 1329 1988 κατάλυσις
1348 1956 1363 1984 5‘
1377 1958 1475 1987 arma-bg
1489 1960 1614 1988 μαλιστα
1630 1955 1779 1988 ἐβούλοντο.

299 2001 382 2035 (27)
402 2004 442 2028 De
459 2004 608 2030 Hermodoro
625 2004 679 2031 vid.
694 2010 808 2031 veterum
827 1991 976 2030 Tesssimonia
991 2002 1061 2037 apud
1076 2003 1255 2040 Gothofredum
1268 2022 1276 2036 ,
1295 2004 1313 2031 Ι.
1329 2004 1348 2032 l.
1365 2011 1392 2037 p·
1406 2009 1448 2036 59.
1483 2001 1534 2029 Cff.
1550 2003 1627 2029 etiam
1640 2000 1781 2030 Bouchaud

262 2049 372 2076 discours
384 2050 562 2083 preliminaire
579 2058 606 2084 p.
622 2058 666 2084 19.
697 2050 779 2080 Bach.
794 2050 856 2079 hist.
876 2050 935 2081 Jur.
956 2058 984 2085 p.
999 2051 1042 2079 28.
