1930 2448
299 96 350 160 Δ48
590 123 704 153 vG.
771 119 1465 154 C.B.SUR1NGAR

320 205 431 234 malium
460 204 597 233 classibus
621 204 810 234 diversimode
833 204 971 239 limitata,
994 204 1050 241 agit
1071 203 1122 231 Vir
1140 202 1333 232 Doctissimus
1353 203 1474 239 (147),
1503 203 1568 232 dum
1596 203 1624 232 in
1643 206 1731 234 altera.
1757 212 1824 237 scc-

320 256 398 284 tione
421 257 559 290 modum,
586 265 643 291 quo
669 256 841 285 sanationem
860 256 886 284 in
909 255 1030 291 singulis
1048 255 1178 290 corporis
1201 254 1315 283 humani
1334 254 1464 290 partibus
1479 260 1603 290 praestat
1627 255 1758 292 Natura,
1788 264 1822 286 ex

318 306 531 335 Gruithuiscnii
556 306 686 342 inprimis
711 314 824 342 mente,
854 307 955 335 docere
981 305 1093 334 videtur
1112 306 1189 342 (148
1200 306 1227 342 ).

317 385 346 420 §.
373 384 418 412 16.
473 382 638 412 Richcrand
658 385 743 413 1821.
792 383 882 412 Sailer
912 386 996 413 1821.
1049 381 1178 411 Bra-sehet
1200 384 1271 412 1821
1294 389 1321 412 et
1343 384 1429 412 1822.
1481 383 1513 412 C.
1536 382 1576 412 H.
1598 382 1715 412 Schultz
1738 383 1822 414 1822.

359 460 536 496 Vulnerum,
565 469 616 496 per
636 460 822 489 intentionem
846 460 1027 496 primariam,
1051 459 1225 488 sanationem
1249 469 1263 488 e
1286 468 1418 489 vasorum
1447 461 1589 488 laesorum
1614 459 1823 488 inosculatione

322 511 446 547 explicat
472 512 521 540 Cl.
557 511 754 540 Richerandus
781 511 909 547 (149),
948 511 996 546 qui
1025 511 1097 539 hanc
1129 510 1213 539 facile
1243 511 1303 539 fieri
1335 519 1423 547 posse
1457 511 1547 539 credit
1581 511 1711 547 exinde,
1749 510 1827 546 quod

316 571 454 591 numerus
479 571 613 592 vasorum
644 562 821 599 capillarium
847 561 967 598 insignis
993 561 1030 590 sit
1047 582 1056 597 ,
1086 560 1165 597 quod
1198 561 1290 590 omnia
1317 562 1385 590 haec
1417 563 1531 591 vascula
1559 561 1673 590 eandem
1703 561 1824 590 habeant

316 614 520 649 capacitatem,
552 615 673 646 (nonne
699 614 779 642 etiam
807 613 920 641 eandem
946 612 1164 641 irritabilitatem
1191 618 1218 640 et
1243 612 1537 649 contractilitatem‘3)
1573 619 1601 641 et
1626 613 1704 648 quod
1727 613 1824 650 itaque

317 673 415 701 parum
440 664 563 700 referat,
590 674 624 694 an
644 674 710 693 vasa
733 665 779 693 illa
799 664 919 692 eundem
937 663 1058 699 iterum,
1082 672 1163 699 quem
1189 669 1269 691 antea
1287 663 1470 698 habuerunt,
1493 663 1631 698 accipiant
1653 665 1767 699 locum,
1796 670 1824 693 et

317 725 351 745 an
379 717 465 745 unius
490 716 584 745 lateris
609 725 675 745 vasa
699 715 798 744 iisdem
826 714 882 743 illis
909 714 1025 743 alterius
1045 714 1141 743 lateris
1161 714 1360 750 applicentur,
1383 714 1555 749 quibuscum
1575 720 1639 742 ante
1657 713 1758 742 factam
1777 724 1825 743 so-

316 767 454 796 lutionem
476 769 574 805 juncta
589 773 687 803 erant3
711 767 804 802 unde,
830 775 942 795 omnem
960 765 1040 794 succi
1059 764 1198 800 glutinosi
1219 764 1294 793 inter
1312 764 1442 793 vulneris
1459 764 1532 792 labia
1550 763 1758 800 depositionem
1779 773 1824 793 re·

319 819 424 853 futari,
448 819 538 847 credit
557 818 612 846 Vir
632 818 828 847 Clarissimus.
871 817 990 847 Nullam
1013 817 1124 846 tandem
1136 837 1146 852 ,
1169 815 1340 852 epidermide
1357 821 1386 844 et
1401 814 1468 843 huic
1486 813 1613 851 analogis
1631 815 1759 851 partibus
1778 824 1826 845 ex.

317 870 428 906 ceptis,
460 869 701 906 regenerationem
727 869 756 898 in
780 869 895 898 homine
923 870 1019 897 locum
1043 868 1146 896 habere
1171 866 1271 895 statuit
1299 867 1416 903 (150).

357 921 442 950 Cutis
470 928 518 949 aut
544 919 643 957 potius
671 920 852 956 epidermidis
874 919 1035 956 deperditae
1058 917 1322 955 regenerationem,
1345 926 1378 945 ex
1399 925 1483 945 muco
1503 916 1726 953 Maipighiano,
1748 918 1825 947 muci

318 979 368 1001 aut
393 971 545 1000 albumiuis
571 971 690 1001 formam
715 971 873 1006 referente,
905 979 933 999 et
961 970 1015 999 sub
1041 968 1212 1005 epidermide
1236 974 1403 1004 praesente,
1431 967 1642 1004 intelligendam
1670 977 1754 1003 esse,
1784 976 1827 998 at-

322 1032 378 1058 que
405 1023 445 1050 sic
473 1023 503 1051 in
527 1022 643 1051 homine
671 1023 810 1058 eundem,
834 1022 884 1058 qui
910 1022 939 1050 in
963 1020 1154 1054 animalibus,
1180 1020 1283 1055 pellem
1310 1019 1426 1056 saepius
1454 1018 1686 1056 deponentibus,
1713 1018 1828 1048 institui

322 1082 510 1111 processum,
540 1073 664 1102 breviter
690 1073 827 1102 indicavit
852 1074 942 1102 Doct.
970 1071 1060 1100 Seiler
1086 1070 1201 1107 (151).

361 1127 439 1154 Inter
461 1123 635 1152 recentiores
657 1123 823 1159 Auctores,
853 1123 969 1158 omnia,
997 1130 1070 1158 quae
1086 1121 1122 1150 ad
1139 1126 1271 1150 nostrum
1294 1127 1490 1158 argumentum
1507 1119 1668 1157 pertinent,
1697 1121 1830 1158 egregie,

324 1177 349 1205 si
375 1176 440 1211 illa,
471 1183 543 1211 quae
571 1182 585 1202 e
609 1173 756 1203 Meckelio
782 1174 940 1209 desumsit,
963 1172 1158 1208 excipiamus,
1182 1171 1336 1207 explicavit
1355 1172 1446 1201 Doct.
1464 1171 1621 1206 Breschet,
1649 1172 1733 1209 cujus
1750 1172 1830 1200 Auc-

321 1226 392 1256 toris
417 1225 606 1261 sententiam,
643 1232 763 1262 propter
787 1232 920 1261 magnum
945 1224 1006 1261 ejus
1030 1222 1188 1260 ambitum,
1217 1231 1277 1252 non
1303 1230 1472 1258 recensere,
1501 1221 1552 1250 sed
1574 1220 1697 1251 indicare
1717 1228 1828 1252 tantum

323 1286 478 1314 possumus
504 1279 584 1312 (152
594 1277 620 1313 ).

359 1329 425 1357 Vim
444 1327 590 1364 sanguinis
608 1327 743 1364 vitalem,
765 1326 877 1363 saepius
901 1327 1092 1363 impugnatam
1117 1332 1144 1354 et
1171 1325 1272 1353 iterum
1299 1325 1532 1361 comprobatam,
1555 1324 1748 1361 explicandam
1769 1325 1826 1354 sibi

324 1379 428 1408 sumsit
451 1379 576 1407 Carolus
601 1378 745 1407 Henricus
772 1377 927 1406 Schulzius
946 1378 1068 1414 (153),
1091 1377 1163 1412 qui,
1185 1376 1346 1412 praemissis
1371 1376 1513 1405 variorum
1532 1375 1660 1405 virorum
1677 1377 1828 1405 doctorum

325 1429 564 1466 explicationibus
581 1430 678 1466 (154)
691 1450 700 1464 ,
729 1429 864 1463 vitalem,
893 1437 976 1463 quem
993 1428 1022 1456 in
1042 1436 1179 1464 sanguine
1198 1427 1406 1463 observamus,
1438 1434 1567 1462 motum,
1589 1435 1640 1455 seu
1659 1435 1828 1463 processum

325 1482 427 1516 illum,
457 1489 507 1516 per
533 1488 615 1515 quem
644 1479 759 1515 sanguis
787 1479 922 1508 internam
951 1479 1098 1514 quamdam
1125 1484 1174 1506 aut
1201 1478 1376 1514 dynamicam
1399 1478 1540 1507 actionem
1567 1476 1748 1514 manifestat,
1781 1487 1830 1507 ex-

324 1532 446 1568 piicavit
462 1538 548 1567 atque
563 1530 699 1560 indicavit
711 1550 722 1566 ,
749 1531 906 1560 secundum
923 1529 1142 1572 observationes
1161 1528 1346 1566 microscopii
1363 1537 1439 1566 ope,
1460 1529 1490 1558 in
1507 1528 1743 1564 vespertilionum
1758 1529 1827 1571 alis,

1786 1588 1829 1608 ra·

355 1677 449 1716 (ιφ)
470 1676 535 1703 Vid.
555 1684 613 1710 pag.
624 1678 727 1709 5-66.
1033 1676 1128 1710 (148)
1146 1675 1209 1702 vid.
1227 1684 1286 1709 pag.
1297 1676 1370 1709 67-
1380 1682 1438 1707 123.

353 1724 366 1756 (
380 1723 450 1758 149)
468 1723 530 1750 Vid.
548 1724 734 1756 Nosographie
746 1730 771 1748 et
782 1724 1000 1756 Therapeutique
1012 1723 1216 1755 chirurgicales.
1236 1723 1306 1748 Paris
1317 1723 1390 1748 1821.
1408 1720 1516 1748 Tom.1.
1531 1727 1590 1753 pag.
1598 1720 1656 1747 282.
1668 1727 1725 1754 seq·

355 1768 449 1802 (150)
469 1768 530 1794 Vid.
549 1770 567 1795 l.
585 1777 610 1796 c.
627 1771 855 1802 pag.296-—297.
1827 1805 1831 1808 Ι

352 1818 447 1848 (15¹)
466 1816 528 1842 Vid.
548 1816 662 1841 Pierer's
683 1815 736 1840 und
755 1816 908 1842 Choulant's
928 1816 1004 1843 Anat.
1016 1815 1172 1848 Physiolog.
1188 1814 1449 1846 Realworterbuch,
1474 1813 1499 1839 in
1522 1819 1550 1839 v.
1575 1811 1757 1845 Integumente
1779 1811 1826 1839 des

321 1863 452 1895 Korpers.
470 1862 516 1888 IV.
529 1863 560 1888 B.
579 1862 675 1894 Leipz.
690 1863 761 1888 1821.
779 1870 906 1895 png1243.

353 1910 363 1939 (
378 1907 445 1941 152)
464 1908 525 1934 Vid.
536 1908 700 1934 Dictionaire
712 1907 744 1932 de
757 1908 900 1934 Medecine
919 1910 944 1934 in
957 1917 984 1935 v.
995 1917 1022 1936 v.
1032 1909 1167 1940 abeston,
1183 1907 1310 1942 (Tom.1.
1329 1908 1402 1934 Paris
1414 1926 1423 1938 ,
1443 1907 1502 1941 Juin
1515 1907 1588 1933 1821.
1605 1912 1664 1938 pag.
1673 1903 1829 1938 ,ξω-354).

319 1957 459 1985 Citatrise,
479 1954 580 1985 (Tom.
591 1955 622 1980 V.
643 1955 713 1980 Paris
725 1973 733 1985 ‚
753 1955 909 1981 Aout1822.
927 1963 984 1989 pag.
994 1957 1154 1990 244-450.)
1181 1956 1381 1984 cicatrisation,
1400 1953 1464 1979 ibid.
1481 1960 1539 1986 pag.
1550 1953 1688 1986 251-288·

358 2000 449 2032 (153)
469 2000 526 2027 Vfid-
545 2000 592 2025 der
609 2001 845 2034 Lebens-process
863 2003 894 2026 im
908 2003 1000 2033 Blute,
1023 2004 1084 2028 eine
1103 2002 1151 2027 auf
1163 1999 1415 2032 mikroskopischen
1433 1996 1643 2028 Entdeckungen
1663 1994 1828 2029 gegrfindete

319 2047 540 2078 Uutersuclmng,
556 2054 607 2072 von
625 2048 696 2073 Carl.
715 2048 843 2073 Heinrich
859 2048 975 2080 Schulz,
992 2049 1039 2074 mit
1055 2049 1127 2074 einer
1142 2048 1226 2074 illum.
1244 2044 1423 2078 Kupfertafel.
1441 2044 1538 2071 Berlin.
1550 2044 1625 2069 1822.

352 2093 445 2126 (154)
465 2093 528 2121 Vid.
547 2093 701 2126 Einleitung
720 2095 745 2128 §.
758 2101 859 2126 2—19.
