1930 2448
130 108 380 141 RESPONSUM
400 117 443 139 An
465 104 777 145 QUAESTIONEM
796 104 1446 142 PHILOSOPHiCO-THEORETICAM.
1518 121 1554 150 33

44 189 45 195 ¹
77 192 120 222 Et
143 198 235 221 tamen
259 191 354 228 quaeri
373 199 460 227 posse
486 191 610 227 opinor,
631 189 707 218 unde
726 188 833 218 factum
858 189 915 225 sit,
936 197 970 219 ut
991 190 1060 218 haec
1081 190 1252 227 persuasio,
1273 191 1368 221 Deum
1391 201 1472 229 esse,
1494 200 1551 223 tam

41 243 129 274 fuerit
151 249 309 278 constans,
330 246 387 270 tam
413 242 570 278 omnibus,
592 241 789 272 incultissimis
819 240 922 276 etiam,
944 241 1110 270 nationibus
1137 242 1323 271 communis?
1352 244 1428 272 unde
1449 243 1472 271 si
1498 251 1554 273 tra-

41 294 202 329 ditionem,
222 299 255 322 ut
278 299 354 322 recte
376 293 514 330 ponitur,
536 293 654 330 primam
677 292 737 321 eius
760 299 899 328 ponamus
927 300 1078 326 caussam,
1100 293 1174 321 unde
1198 293 1313 328 inquam
1340 293 1445 322 factum
1472 294 1551 331 fuit,

41 350 76 373 ut
95 345 175 373 nulla
193 343 253 372 fere
279 352 348 380 gens
371 344 457 374 huius
481 354 496 373 a
515 344 671 373 maioribus
690 350 824 379 acceptae
848 342 1001 370 memoriae
1019 342 1108 370 fuerit
1132 343 1247 372 oblita?
1288 344 1320 372 Si
1340 353 1455 374 caussas
1472 345 1551 374 illius

41 395 224 431 consensuS,
255 404 326 431 quas
352 396 451 432 posuit
475 395 650 429 Cieanthes‚
677 393 909 427 consideramus,
940 391 1141 428 conspicitur,
1173 400 1206 422 ut
1234 394 1299 423 illae
1330 396 1451 425 efficiant
1479 397 1550 426 hanc

42 445 171 479 omnium
196 446 429 483 persuasionem,
452 453 622 482 quamquam
649 445 764 473 brevem
792 450 820 471 et
844 442 956 472 facilem
970 463 980 478 ,
1009 443 1132 478 aliquam
1156 451 1250 473 tamen
1274 446 1382 481 requiri
1403 456 1553 484 argumen-

40 496 189 526 tationem.
230 496 272 525 At
294 498 364 527 vero
393 506 464 533 quae
485 503 529 525 est
555 496 631 532 apud
660 501 759 532 gentes
786 495 872 531 illas,
903 503 973 530 quas
1002 495 1102 524 dicunt
1127 505 1214 532 supra
1240 497 1395 526 ternarium
1420 499 1551 535 ignorare

38 556 195 584 numeros,
216 547 447 585 argumentatio?
471 553 634 583 quantaque
652 546 689 574 sit
705 545 928 582 occupationum
947 545 977 573 in
994 545 1054 574 vita
1078 546 1244 582 quotidiana
1256 567 1266 583 ,
1291 555 1396 583 quanta
1415 558 1551 579 sensuum

34 599 258 628 consuetudinis
283 598 350 634 vis,
371 599 455 627 docet
479 606 549 626 usus
575 604 603 625 et
626 596 809 632 experIentia.
850 596 1024 632 Requiritur
1045 596 1132 634 igitur
1156 597 1233 629 aliud
1259 598 1350 635 quid,
1375 601 1453 635 quod
1478 601 1550 630 hanc

37 638 256 688 persuasionem
278 649 349 678 adeo
375 655 538 678 constanter
565 648 635 677 fecit
657 647 766 684 ubique
793 649 912 685 vigere,
936 656 964 678 et
990 649 1071 686 quasi
1098 650 1212 680 florere.

71 701 152 731 Inest
176 701 265 731 menti
278 708 394 730 nostrae
411 710 513 730 sensus
532 701 706 737 religiosus,
727 699 756 728 id
772 706 814 729 est
836 700 949 730 divinae
973 710 1004 729 ac
1023 702 1160 730 humanae
1178 708 1296 731 naturae
1312 703 1548 732 necessitudinis.

33 749 182 788 Borgerus
226 772 244 788 ,‚
263 741 319 781 Est
335 751 468 788 profecto
481 773 491 788 ,
513 752 629 788 inquit,
651 751 761 787 aliquid
775 751 805 780 in
821 752 924 789 nobis,
947 762 1025 789 quo,
1048 761 1192 789 tamquam
1212 754 1392 791 cognationis
1410 754 1547 789 viuculo,

33 810 101 831 cum
125 803 228 831 natura
262 803 380 838 aliqua,
413 803 499 832 nobis
533 803 703 840 superiore,
730 813 784 833 nos
812 805 986 835 coniunctos
1013 805 1155 835 sentimus
1177 827 1185 835 .
1210 827 1219 835 .
1242 826 1252 835 .
1274 806 1356 835 Intus
1383 813 1426 835 est
1453 806 1550 842 ratio,

35 853 92 890 qua
116 853 210 883 brutis
232 854 424 884 animantibus
447 862 646 892 praestamus,
673 855 752 884 intus
775 857 843 892 lex,
870 857 906 886 ad
929 865 1013 892 quam
1038 866 1098 886 non
1124 856 1217 892 facti,
1250 857 1301 885 sed
1323 857 1400 893 nati,
1428 866 1487 886 non
1509 857 1552 887 in-

31 895 151 941 stituti,
176 905 228 934 sed
256 905 360 934 imbuti
384 914 497 935 511111115.
546 905 601 934 His
632 905 749 935 dotibus
769 907 861 936 veluti
887 907 1026 944 impressa
1054 908 1188 944 quaedam
1216 914 1258 936 est
1284 908 1442 937 divinitatis
1461 916 1551 944 nota,

31 963 186 992 earumque
219 956 365 986 obscurus
400 966 503 987 sensus
535 958 648 994 efficit,
677 965 709 988 ut
738 957 876 987 nobiliori
914 958 1033 994 quadam
1065 959 1153 995 stirpe
1187 967 1241 987 1105
1274 959 1388 995 genitos
1421 959 1552 995 suspice-

32 1014 97 1034 mur
116 1008 159 1044 (1
172 1008 227 1045 ).”
267 1008 355 1038 Hunc
381 1017 496 1038 sensum
517 1009 656 1038 humanae
676 1017 793 1039 naturae
817 1010 968 1046 proprium
995 1018 1058 1039 esse
1081 1016 1110 1038 et
1129 1009 1278 1045 nativum,
1306 1010 1552 1046 argumentatione

33 1056 108 1086 effici
138 1059 258 1094 nequit:
288 1059 466 1089 conscientia
499 1068 563 1088 eum
598 1069 741 1096 quemque
765 1069 817 1090 sua
847 1061 970 1098 doceat,
1000 1069 1118 1091 necesse
1143 1068 1198 1091 est.
1242 1061 1355 1091 Sentire
1380 1068 1472 1090 autem
1492 1070 1554 1090 om-

29 1113 81 1135 nes
102 1106 175 1136 hanc
203 1117 270 1136 cum
295 1110 398 1138 natura
428 1109 528 1139 divina
560 1110 818 1147 coniunctionem,
847 1120 982 1149 magnum
1011 1118 1055 1141 est
1084 1119 1303 1149 argumentum,
1338 1113 1419 1148 quod
1453 1113 1551 1141 nullus

28 1156 64 1186 ad
92 1156 172 1186 hunc
197 1165 291 1194 usque
321 1160 394 1188 diem
418 1168 551 1197 repertus
579 1162 616 1191 sit
643 1165 794 1200 populus,
820 1166 900 1193 nulla
925 1173 1018 1201 gens,
1048 1173 1121 1200 quae
1149 1165 1216 1193 cum
1246 1173 1308 1193 esse
1335 1163 1476 1200 quoddam
1497 1171 1551 1191 nu-

26 1215 93 1237 men
121 1207 178 1237 sibi
202 1210 399 1247 persuaserit,
425 1211 456 1240 id
477 1221 538 1243 non
567 1215 707 1244 continuo
731 1217 812 1244 cultu
832 1215 968 1252 religioso
989 1215 1221 1252 prosequendum
1249 1224 1312 1244 esse
1335 1221 1430 1251 putet.
1471 1213 1550 1242 Haec

27 1259 104 1289 enim
128 1267 228 1290 nostra
257 1269 322 1290 cum
347 1262 412 1292 Deo
439 1264 624 1293 necessitudo
647 1266 752 1296 rationi
777 1267 876 1304 pervia
900 1275 960 1296 non
985 1273 1048 1302 est,
1077 1266 1144 1303 quia
1168 1275 1222 1295 nec
1249 1275 1264 1295 e
1288 1265 1413 1295 numinis
1431 1264 1550 1294 notione

27 1310 168 1344 continuo
192 1312 321 1342 nascitur
339 1319 367 1342 et
389 1314 531 1352 profluit,
553 1324 606 1345 nec
632 1317 715 1347 etiam
735 1319 909 1356 notionum,
930 1318 1036 1355 quibus
1055 1318 1102 1347 hic
1121 1326 1225 1348 sensus
1244 1325 1378 1355 constat,
1398 1317 1486 1348 nobis
1501 1325 1549 1346 su-

28 1367 92 1389 mus
120 1362 243 1394 conscii.

62 1435 143 1465 Huic
165 1436 264 1466 sensui
289 1438 373 1469 fidem
396 1448 430 1471 ut
454 1442 608 1473 habeamus
635 1453 774 1491 oportet,
804 1447 941 1483 quoniam
972 1453 1099 1476 natltrae
1125 1453 1169 1477 est
1196 1446 1347 1476 iudicium.
1390 1428 1544 1475 Rationem

26 1487 101 1518 enim
121 1487 180 1516 illis
200 1487 295 1517 insitis
313 1491 534 1522 necessitudinis
555 1503 619 1524 cum
638 1489 740 1527 natura
766 1499 864 1529 divina
885 1499 1056 1528 notionibus
1077 1507 1138 1529 non
1165 1507 1229 1528 esse
1246 1498 1437 1533 contrariam,
1459 1498 1545 1526 docet

24 1537 151 1567 omnium
170 1540 348 1575 populorum
366 1541 553 1579 omniumque
569 1545 719 1575 nationum
738 1557 923 1586 consensus,
947 1550 997 1586 qui
1019 1549 1154 1587 prOfecto
1173 1550 1267 1579 Deum
1288 1558 1351 1578 esse
1369 1549 1541 1583 colendum,

24 1590 83 1619 n'on
102 1589 172 1619 adeo
189 1596 353 1619 constanter
375 1591 570 1630 iudicassent,
591 1595 616 1624 si
633 1596 662 1625 id
679 1598 785 1629 rat10ni
804 1600 911 1630 fuisset
930 1610 1107 1638 repugnans.
1148 1601 1329 1639 Quamquam
1349 1601 1423 1630 enim
1440 1608 1541 1629 omnes

24 1640 123 1677 gentes
135 1661 145 1677 ‚
162 1646 196 1671 ut
212 1641 334 1671 diximus
345 1663 356 1679 ,
373 1643 488 1680 possint
505 1654 597 1676 errare
608 1657 622 1685 ς
640 1648 689 1678 hic
708 1652 806 1681 nullus
828 1652 919 1681 errori
936 1653 1019 1681 locus
1042 1658 1107 1688 est,
1128 1652 1195 1689 quia
1213 1661 1274 1681 non
1298 1651 1451 1681 ratiocinio
1471 1651 1540 1680 haec

24 1690 144 1720 efficitur
158 1692 327 1722 coniunctio
338 1714 350 1730 ,
368 1695 418 1723 sed
433 1697 511 1725 omni
522 1698 740 1731 ratiocinatione
758 1710 802 1732 est
816 1703 984 1740 antiquior,
1004 1710 1033 1732 et
1043 1704 1153 1739 absque
1167 1704 1233 1732 ullis
1249 1702 1417 1739 ambagibus
1432 1702 1461 1730 iu
1476 1702 1553 1737 ipsa

23 1748 118 1772 mente
143 1751 279 1779 praesens
300 1745 433 1775 sentitur.
473 1746 619 1778 Praeclare
650 1751 756 1782 iterum
782 1754 947 1791 Borgerus:
992 1775 1010 1790 „
1032 1754 1089 1783 Sed
1111 1754 1136 1782 si
1156 1755 1223 1783 vere
1244 1753 1392 1789 diximus,
1420 1752 1538 1787 inquit,

23 1800 139 1822 sensum
162 1793 328 1830 religiosum
349 1795 388 1825 ita
414 1799 563 1835 proprium
592 1809 655 1831 esse
681 1811 820 1840 naturae,
850 1811 883 1832 ut
909 1805 943 1833 ab
974 1805 1007 1833 ea
1031 1804 1136 1833 develli
1158 1810 1301 1840 nequeat,
1329 1803 1462 1838 sequitur
1486 1810 1540 1831 no-

23 1842 139 1880 tiones,
162 1844 269 1880 quibus
292 1845 340 1874 ille
368 1855 470 1878 sensus
495 1857 633 1888 constet,
663 1862 753 1889 aeque
779 1863 844 1883 cum
871 1856 973 1884 natura
996 1856 1120 1884 humana
1144 1864 1206 1884 esse
1229 1854 1354 1884 iunctas.
1394 1853 1451 1882 Iam
1480 1853 1537 1882 hoc

0 1892 132 1930 ‘ipsum·
161 1894 349 1926 indissolubili
374 1900 484 1928 vinculo
509 1910 572 1929 cum
599 1904 731 1933 humani
756 1906 869 1935 natura*
885 1908 1064 1935 coniunctum
1086 1915 1158 1935 esse:
1179 1906 1234 1934 hoc
1256 1906 1372 1942 ipsum,
1396 1906 1511 1941 inquam
1525 1925 1537 1940 ,

24 1936 90 2000 qius
105 1954 165 1976 non
174 1945 336 1986 intelligit,
357 1957 489 1987 quantam
508 1953 706 1984 auctoritatem
727 1956 854 1986 habeat?
884 1957 966 1996 Quae
989 1958 1103 1987 tandem
1120 1957 1173 1987 alia
1191 1964 1235 1986 est
1253 1957 1408 1986 auctoritas
1432 1957 1536 1985 sensus

1474 2016 1537 2037 mo-

54 2056 121 2093 (1)
146 2060 202 2089 1.1.
225 2069 254 2095 p.
271 2068 313 2095 39.
