1930 2448
274 98 311 125 60
626 81 1427 120 G.C.B.SUR1NGAR

279 175 490 213 experimenta,
513 182 528 202 a
544 174 633 202 Doct.
653 171 743 208 TroJa
763 168 914 202 instituta,
935 174 962 195 et
979 167 1044 195 inde
1061 165 1227 202 explicatam
1247 165 1319 194 novi
1337 165 1412 194 ossis
1432 164 1689 203 regenerationem,
1712 175 1787 198 con-

279 234 322 256 tra
342 228 431 255 Doct.
459 226 555 259 Brun,
577 224 611 252 de
636 231 694 259 quo
719 221 810 251 locuti
833 227 951 254 sumus,
972 217 1174 246 defendendam
1198 216 1253 245 sibi
1273 216 1376 244 sumsit
1394 216 1587 253 argumentis,
1611 226 1680 253 quae
1697 227 1712 246 e
1732 219 1782 249 Ci.

286 276 415 306 Richteri
437 275 614 304 Bibliotheca
639 271 810 308 Chirurgica
831 268 968 306 cognosci
987 274 1123 305 poterunt
1143 267 1243 304 (70).
1285 266 1459 295 Sententiam
1481 267 1554 296 enim
1579 268 1651 297 hanc
1676 278 1784 306 propo-

286 327 344 356 suit
371 326 515 361 Davffies,
538 325 616 362 quod
634 325 738 353 humor
761 323 932 359 purulentus
951 321 1023 351 inter
1041 330 1073 350 os
1090 327 1117 350 et
1139 321 1312 357 periosteum
1341 321 1519 356 effundatur,
1543 331 1594 357 os,
1616 322 1653 351 ita
1672 323 1784 360 pei-ios-

282 386 329 408 tco
352 384 529 414 separatum,
556 385 625 405 mox
652 374 823 410 emoriatur,
852 374 894 403 sic
918 382 1022 402 succus
1047 381 1169 407 osseuS,
1200 372 1249 407 qui
1275 371 1308 400 ad
1337 379 1371 400 os
1400 371 1548 408 pervenire
1572 382 1633 403 non
1666 375 1783 412 possit,

284 430 315 458 in
342 428 485 465 periosteo
508 428 723 462 accumuletur,
751 426 850 461 ibique
872 426 902 454 in
927 434 960 454 os
983 426 1095 453 demum
1122 430 1256 453 transeat.

321 480 526 516 Experimenta
548 478 692 514 denique,
716 476 822 512 quibus
847 476 998 512 probavit,
1021 475 1083 504 fieri
1101 484 1204 512 posse,
1235 481 1267 503 ut
1292 474 1349 502 duo
1368 474 1479 504 diversa
1503 484 1585 512 ossa,
1614 478 1701 507 modo
1720 488 1786 508 sau.

280 532 370 561 ciatae
401 530 568 567 superficies
601 529 656 558 sibi
686 527 886 565 applicentur,
915 527 991 557 uniri
1019 526 1121 556 iterum
1155 533 1183 554 et
1207 525 1346 563 conjungi
1373 526 1507 563 possint,
1538 527 1664 558 instituit
1693 530 1784 562 Doct.

282 583 370 612 Parks
397 582 496 619 (71).

661 634 690 670 ς.
712 642 743 670 9.
785 633 826 662 A.
849 632 927 662 Bonn
950 633 1036 669 1783.
1076 631 1117 661 A.
1140 629 1309 668 Marrigues
1332 631 1417 666 1783.

322 713 367 741 De
385 711 476 749 primii
495 711 638 740 nascentis
655 710 719 739 calli
735 710 864 747 origine,
893 709 928 738 de
944 716 1043 746 parte,
1063 717 1096 737 ex
1116 709 1172 743 quii
1189 706 1372 744 potissimum
1389 706 1549 742 formatur,
1570 714 1656 744 atque
1674 709 1708 738 de
1727 719 1790 740 mo-

283 764 339 798 do,
363 772 420 799 quo
441 762 544 791 crescit
559 768 587 790 et
605 761 710 790 sensim
729 761 819 798 magIS
836 760 999 796 evolvitur,
1021 759 1133 797 egregie
1152 757 1310 795 diSputavit
1327 757 1377 787 Cl.
1396 757 1525 787 Andreas
1543 757 1673 789 Bonnius
1689 761 1786 801 (72),

281 816 364 852 cujus
386 813 450 841 Viri
479 813 529 842 Cl.
551 813 674 849 cogitata
698 813 850 849 praecipua
873 812 929 840 huc
952 811 1015 840 fere
1034 811 1164 840 redeunt.
1268 812 1269 815 ’

322 865 437 893 Humor
455 864 636 901 glutinosus,
660 864 709 899 qui
727 872 762 892 ex
777 863 885 892 ossium
904 861 1060 892 fractorum
1076 862 1258 898 medituilio,
1281 868 1308 891 et
1327 861 1399 898 ipsis
1422 860 1520 890 fractis
1542 863 1706 900 capitibus,
1726 865 1789 895 stil-

284 918 323 945 lat
344 923 430 952 atque
451 915 630 950 concrescit,
652 914 681 944 in
705 914 820 943 homine
840 920 955 943 mortuo
977 914 1172 949 examinatus,
1193 914 1292 942 colore
1310 913 1423 948 alieno,
1445 913 1614 949 plerumque
1637 915 1787 953 subflavO,

283 975 370 1004 atque
388 967 507 996 mollitie
532 968 584 995 sua
603 973 751 1000 tenerum,
777 965 899 994 inertem
924 972 1011 1002 atque
1027 965 1199 1001 informem,
1222 972 1336 993 mucum
1361 963 1467 992 referre
1493 964 1569 992 solet
1588 964 1692 1002 (73),
1720 966 1789 996 dum

282 1019 312 1048 in
337 1019 404 1048 vivo
428 1017 543 1046 homine
567 1017 679 1052 vivam,
699 1015 860 1052 turgidam,
882 1017 1033 1051 sensilem,
1055 1023 1141 1052 atque
1169 1016 1339 1044 subrubram
1365 1023 1479 1042 carnem
1506 1023 1717 1054 repraesentat,
1747 1024 1791 1047 te-

284 1069 415 1099 nerrimis
437 1068 552 1105 papillis
574 1068 759 1103 instructam,
780 1076 852 1104 pure
870 1068 964 1097 albido
983 1067 1118 1096 obductis
1141 1073 1169 1095 et
1192 1066 1360 1103 sanguinem
1381 1065 1466 1094 facile
1482 1064 1672 1096 fundentibus
1691 1069 1708 1104 <
1714 1077 1749 1106 74
1759 1068 1788 1105 ).

286 1121 383 1151 Primo
412 1128 531 1149 nascens
554 1119 650 1155 itaque
676 1120 766 1148 callus
789 1127 903 1147 carnem
929 1118 1037 1154 refert,
1076 1117 1098 1147 i.
1121 1126 1147 1147 e.
1173 1124 1339 1146 contextum
1366 1115 1575 1152 artificiosum,
1602 1119 1791 1156 ceHqusrm,

284 1171 399 1206 vivum,
421 1170 591 1206 sanguiferis
608 1169 684 1198 vasis
702 1168 859 1204 refertum,
881 1169 997 1204 nervis,
1019 1168 1126 1204 quibus
1148 1167 1309 1196 instructus
1333 1172 1396 1200 est,
1418 1166 1655 1204 sensssissimum,
1677 1176 1704 1197 et
1726 1179 1792 1199 curn

285 1231 385 1258 carne,
418 1230 489 1257 quae
518 1219 686 1250 vulneribus
717 1220 894 1256 innascitur,
924 1227 1059 1248 vasorum
1092 1217 1254 1247 vibratione
1286 1223 1504 1246 convenientem
1533 1217 1630 1257 (75).
1682 1220 1794 1250 Deinde

284 1275 373 1302 callus
398 1274 505 1301 corium
534 1271 641 1300 referre
668 1272 766 1307 solet,
798 1271 818 1301 i.
844 1280 871 1301 e.
906 1270 1148 1299 membranaceum
1178 1268 1524 1304 vibroso-vasculosam,
1558 1269 1671 1298 densam
1706 1278 1793 1309 atque

271 1324 405 1353 =flexilem
427 1329 599 1352 structuram
625 1322 729 1359 accipit
753 1323 767 1356 (
776 1323 859 1358 76),
895 1329 979 1357 quam
1006 1320 1071 1350 dein
1104 1320 1133 1349 in
1157 1317 1364 1356 cartilagineam
1393 1319 1497 1347 mutari
1529 1326 1691 1351 statueruut
1721 1332 1796 1353 non·

284 1375 356 1405 nulli
381 1381 533 1409 auctores,
563 1382 685 1409 quorum
705 1374 874 1403 sententiam
906 1371 1079 1408 experientia
1106 1369 1269 1406 chirurgica
1294 1369 1323 1398 in
1346 1368 1413 1398 vivo
1438 1369 1555 1399 homine
1579 1378 1608 1400 et
1633 1373 1792 1403 anatomi'cd

287 1427 318 1456 in
337 1433 452 1454 mortuo
480 1424 618 1460 refutari,
641 1424 726 1454 docet
759 1425 808 1455 Cl.
830 1423 960 1454 Bonnius
984 1423 1083 1460 (77).
1126 1423 1225 1451 Callus
1249 1421 1387 1450 hactenus
1412 1421 1597 1458 imperfectus
1623 1422 1746 1460 denique
1767 1425 1796 1455 in

286 1479 388 1507 callum
412 1485 513 1506 osseum
537 1482 682 1510 mutatur,
713 1475 733 1504 i.
751 1485 777 1505 e.
804 1474 938 1504 ultimum
964 1473 1106 1510 percurrit
1129 1472 1304 1502 evoiutionis
1334 1472 1475 1508 stadium,
1508 1472 1582 1502 circa
1609 1475 1687 1509 quod
1713 1478 1801 1512 plura,

272 1527 435 1557 -observari
459 1533 624 1562 merentur,
651 1526 800 1555 brevitatis
826 1528 911 1555 causa
937 1525 1072 1553 mittenda
1093 1524 1193 1561 (78).
1236 1522 1341 1552 Missis
1367 1532 1484 1559 quoque
1505 1524 1585 1560 aliis,
1609 1534 1680 1560 quac
1703 1527 1796 1556 minus

289 1579 324 1607 ad
351 1584 546 1614 argumentum
569 1583 700 1605 nostrum
723 1576 866 1612 pertinere
888 1575 1040 1610 videntur,
1071 1574 1214 1609 breviter,
1243 1574 1398 1610 praeeunte
1422 1574 1493 1603 Viro
1519 1575 1589 1610 Cl.‚
1618 1575 1796 1614 indicemus,

292 1637 428 1666 quaenam
453 1636 487 1657 ex
510 1633 576 1656 ortu
599 1627 708 1656 ossium
732 1627 876 1662 naturali,
899 1633 985 1664 atque
1004 1633 1037 1654 ex
1061 1625 1243 1655 induratione
1262 1630 1375 1662 praeter
1398 1631 1525 1654 naturam
1550 1625 1677 1663 partium
1695 1637 1800 1666 corpo.

1760 1681 1799 1710 ris

325 1759 404 1794 (70)
432 1757 495 1784 Vid.
520 1759 554 1785 A.
579 1758 615 1785 G.
641 1757 785 1784 Richter's
804 1758 932 1792 Chirurg.
956 1758 1122 1785 Bibliorhek.
1139 1758 1216 1785 Viter
1234 1756 1315 1785 Band.
1341 1762 1396 1784 1tes
1415 1758 1525 1790 Seuer..
1544 1759 1804 1795 Franieenthal‘r79o.

290 1815 350 1840 pag.
365 1807 524 1838 486—491.

325 1853 406 1886 (71)
426 1851 487 1879 Vid.
505 1852 576 1877 New
601 1851 725 1878 Method.
743 1852 777 1877 of
799 1852 912 1884 treating
934 1850 1049 1878 diseases
1072 1852 1104 1878 of
1120 1851 1164 1877 the
1183 1851 1264 1884 ioints
1287 1856 1342 1877 etc.
1367 1850 1489 1877 London.
1509 1852 1584 1885 1783.
1618 1853 1701 1880 conf.
1723 1853 1748 1888 J.
1772 1854 1803 1880 F.

294 1899 405 1925 Meckei
417 1916 423 1928 ,
441 1897 589 1924 Handbuch
605 1897 654 1923 der
665 1899 739 1925 Path.
758 1900 836 1924 Anat.
855 1898 880 1923 11
897 1898 969 1923 Band
987 1903 1030 1923 ate
1045 1898 1127 1924 Abth.
1144 1904 1203 1930 pag.
1217 1904 1264 1931 71.

332 1944 413 1979 (72)
432 1943 517 1970 Andr.
537 1945 629 1974 Bonn,
653 1944 814 1971 Dissertatio
835 1944 869 1970 de
893 1945 990 1976 callo,
1015 1951 1082 1978 quae
1101 1943 1202 1969 adnexa
1219 1950 1259 1970 est
1273 1943 1459 1976 Descriptioni
1475 1943 1606 1970 Thesauri
1624 1945 1720 1970 ossium
1737 1952 1812 1971 mor·-

292 1992 422 2019 bosorum
450 1991 574 2016 Hoviani.
594 1991 704 2017 Amstel.
724 1992 797 2024 ¹783·
814 1999 873 2024 pag.
891 1996 1050 2024 149—200.

328 2037 383 2072 (73
399 2037 411 2070 )
430 2035 491 2062 vid.
508 2037 527 2062 i.
545 2043 569 2061 c.
586 2043 645 2067 pag.
664 2043 720 2068 ¹51·
873 2036 954 2071 (74)
971 2036 1032 2065 vid.
1049 2038 1068 2066 1.
1087 2044 1111 2064 c.
1131 2043 1190 2069 pag.
1210 2042 1271 2069 152.
1424 2034 1508 2069 (75)
1527 2035 1587 2062 Vid.
1600 2038 1618 2063 Ι.
1631 2044 1655 2064 c.
1675 2045 1734 2071 pag.
1750 2044 1811 2071 ης.

328 2083 408 2117 (76)
428 2082 489 2108 Vid.
509 2083 526 2107 l.
545 2088 570 2107 c.
588 2088 647 2114 pag.
663 2083 823 2114 158—16r.
1108 2081 1192 2116 (77)
1211 2081 1272 2109 Vid.
1291 2083 1309 2109 l.
1328 2088 1355 2109 c.
1370 2088 1429 2115 pag.
1450 2082 1610 2117 161—167.

328 2130 383 2163 (78
397 2128 413 2164 )
430 2128 495 2156 vid.
512 2129 530 2156 i.
549 2135 575 2155 c.
596 2135 655 2160 pag.
672 2129 718 2155 168
729 2134 832 2161 —175.
