1930 2448
370 111 693 145 COMMENTATIO
713 121 755 142 AD
777 112 1088 153 QUAESTIONEM
1107 114 1319 146 MEDICAM.
1567 123 1603 154 17

91 208 146 237 que
170 199 256 237 hujsss
282 198 503 235 experientiam,
534 197 660 226 veritatis
683 196 801 234 primam
822 204 988 233 parentem,
1019 199 1126 235 optime
1148 199 1357 234 monstrantis,
1386 198 1530 234 auctoris,
1562 199 1596 227 de

85 259 192 281 nostro
217 257 385 287 argumento
410 249 598 284 sententiam,
621 249 650 278 in
680 250 736 284 quii
765 249 918 277 enarranda
943 258 959 278 a
978 250 1147 279 vulneribus
1175 251 1287 279 initium
1314 259 1468 279 sumamus.

129 303 159 332 Si
177 303 279 330 horum
299 300 494 330 definitionem
517 301 602 337 (2),
632 306 718 335 atque
739 300 898 336 prognosin
926 309 940 328 e
964 301 1040 330 varia
1065 302 1187 338 partium
1215 302 1352 338 dignitate
1371 322 1381 336 ,
1412 309 1445 329 ex
1468 301 1598 336 ipsorum

88 357 239 386 vulnerum
258 353 368 390 figura,
392 362 426 381 ex
449 360 541 382 aetate
563 360 649 388 atque
677 352 740 380 aliis
759 351 974 381 conditionibus
994 353 1200 382 conficiendam
1221 353 1313 390 (3),
1335 353 1466 386 tradere,
1488 351 1513 379 si
1534 353 1600 380 vul·

87 416 186 437 nerum
213 412 405 442 symptomata
421 406 584 434 communia
602 406 667 442 (4)
680 425 691 440 ,
719 410 767 432 aut
787 411 841 438 pro
859 403 936 432 varia
958 410 1038 439 parte
1056 403 1209 439 peculiaria
1227 404 1312 440 (5),
1337 411 1519 438 enumerare,
1550 408 1600 430 aut

88 467 187 488 eorum
211 458 362 486 decursum
383 457 564 494 describere,
586 464 634 486 aut
654 457 736 486 Celsi
757 455 792 484 de
822 455 1051 491 suppuratione,
1073 455 1107 482 de
1127 454 1214 483 variis
1243 453 1324 490 puris
1349 454 1501 490 generibus
1531 453 1598 490 (6)

86 516 173 545 atque
199 510 285 547 hujus
308 508 532 546 proprietatibus
560 510 630 546 (7)
660 517 772 537 narrare
795 510 935 538 vellemus
961 508 1150 544 sententiam,
1184 507 1213 536 in
1239 507 1358 536 nimium
1386 509 1521 535 volumen
1545 515 1600 535 ex-

87 568 230 591 cresceret
251 561 338 598 hujus
365 561 491 589 auctoris
514 561 668 597 recensio,
698 561 728 590 in
755 561 834 597 qua,
865 561 929 589 datii
959 561 1047 596 opera
1066 581 1076 595 ,
1105 558 1239 588 brevitati
1264 558 1379 586 studere
1406 558 1595 595 conabimur,

87 622 174 650 quum
199 619 300 650 postea
319 612 423 641 Galeni
445 599 612 642 sententiali]
641 614 726 649 paulo
752 612 847 641 fusius
873 613 982 641 tradere
1003 612 1168 641 debeamus.

125 664 309 703 Quibusnam
326 664 423 701 itaque
441 664 534 693 modis
547 685 558 701 ,
579 664 603 693 si
624 664 699 694 vitae
720 663 796 693 vires
819 663 873 693 rite
897 664 1042 692 ordinatae
1064 663 1123 692 sint
1143 664 1231 701 (8),
1253 664 1407 692 vulnerum
1426 661 1534 691 sanatio
1555 662 1599 690 in·

84 717 241 747 stituitur?

126 767 249 804 Duplici
265 768 372 804 modo,
404 776 419 796 e
443 767 526 798 Celsi
547 767 708 804 sententia,
730 768 800 797 haec
820 768 929 798 sanatio
946 767 1019 804 fiet,
1040 767 1172 796 nimirum
1189 775 1241 804 per
1254 767 1496 804 glutinationem‚
1527 774 1599 801 quae

82 821 173 856 'longe
201 819 309 856 optima
337 825 380 847 est
401 819 488 856 (9),
511 826 597 855 atque
619 828 670 855 per
695 819 826 848 vulneris
849 819 1034 857 impletionem
1057 819 1120 854 (ιο
1131 818 1159 854 ).
1189 819 1253 861 Ῥει-
1276 818 1357 845 illam
1375 818 1482 845 vulnus
1505 816 1599 845 sanari

84 879 207 910 potest,
251 894 270 909 „
292 873 370 909 quod
394 874 441 902 vel
461 873 492 901 in
515 879 600 908 cute,
633 873 681 901 vel
706 871 787 900 etiam
813 871 844 900 in
867 879 951 899 carne
972 877 1034 906 est3
1065 870 1090 898 si
1117 869 1191 899 nihil
1223 869 1248 896 ei
1271 875 1414 904 praeterea
1436 869 1502 897 mali
1527 867 1602 896 acci-

86 944 106 961 „
125 924 167 953 dit
189 925 317 961 (11>”.
365 925 421 953 Per
451 925 524 953 hanc
560 931 654 953 autern
681 932 712 953 ea
752 922 815 957 (ita
844 922 917 951 enim
942 920 1102 950 deficientia
1118 941 1128 955 ,
1162 928 1176 947 e
1205 919 1285 947 Celsi
1312 925 1424 953 mente,
1463 919 1601 954 supplere

83 975 216 1014 liceat),
236 976 266 1005 in
286 976 391 1012 quibus
415 976 452 1005 ob
476 985 590 1013 gravem
608 974 876 1009 inflammationem,
898 982 958 1002 non
986 971 1145 1009 glutinandi
1165 979 1231 1006 spes
1252 976 1314 1004 est,
1337 969 1367 997 in
1386 969 1431 997 his
1451 969 1526 998 enim
1544 977 1600 1005 pus

85 1027 260 1055 movendum
279 1035 322 1056 est
344 1028 447 1066 (12),
467 1027 533 1056 dein
550 1026 697 1063 purganda
714 1032 783 1054 sunt
805 1027 906 1061 (13),
929 1032 960 1052 ac
983 1023 1095 1052 tandem
1116 1020 1228 1057 impleri
1249 1020 1356 1048 debent
1376 1020 1460 1056 (14).
1501 1020 1601 1057 Quum

84 1078 236 1107 vulnerum
265 1078 462 1114 impletionem
491 1078 548 1114 (τὸ
572 1077 760 1113 σκρκοῦσθαιι)
790 1083 843 1111 per
863 1075 1043 1111 ἁκυρολογίοιν
1069 1072 1231 1110 significare
1260 1071 1392 1100 videatur
1417 1070 1546 1106 Celsus,
1577 1069 1602 1099 si

85 1129 164 1158 ulcus
185 1130 229 1158 ali
248 1129 336 1166 (15)
350 1149 361 1164 ‚
381 1129 483 1159 vulnus
508 1129 622 1158 nutriri
640 1127 749 1165 (16),
777 1133 864 1162 atque
885 1126 1027 1156 similibus
1054 1125 1206 1155 vocabulis
1229 1124 1331 1154 utitur.

121 1182 172 1211 An
194 1190 265 1211 vero
289 1181 346 1210 hoc
373 1181 542 1219 impletionis
569 1180 686 1210 nomine
714 1187 810 1207 veram
834 1179 954 1207 amissae
979 1177 1156 1207 substantia-e
1185 1175 1429 1212 regeneratIOnem
1458 1173 1602 1211 intelligat

85 1232 193 1262 Celsus
207 1253 218 1268 ,
240 1232 427 1261 dubitandum
449 1238 509 1260 est:
532 1232 567 1260 de
590 1231 731 1260 labiorum
760 1229 833 1259 enim
852 1230 1020 1259 vulneribus
1039 1237 1145 1266 agens,
1167 1226 1337 1264 sequentia,
1358 1233 1517 1254 memoratu
1538 1225 1603 1261 dig-

81 1284 219 1320 nissima,
248 1283 326 1312 addit
352 1282 439 1312 verba
459 1283 568 1320 (17):
612 1303 631 1320 „
652 1284 758 1319 Neque
784 1281 858 1311 enim
885 1288 998 1310 creatur
1023 1280 1064 1308 ibi
1091 1288 1222 1316 corpus,
1254 1278 1303 1306 sed
1335 1286 1370 1306 ex
1391 1277 1488 1306 vicino
1513 1276 1604 1305 addu-

87 1355 107 1373 ‚‚
126 1335 223 1371 citur3
257 1335 338 1371 quod
364 1341 419 1362 ets1
442 1334 472 1363 in
497 1334 556 1364 levi
580 1334 780 1372 mutilatione,
816 1342 844 1364 et
866 1335 941 1365 nihil
969 1334 1082 1371 eripere
1107 1340 1135 1363 et
1161 1333 1260 1362 fallere
1282 1333 1401 1361 oculum
1426 1337 1544 1368 potest,
1572 1329 1603 1359 in

90 1407 110 1425 „
129 1387 253 1424 magna,
274 1395 334 1416 non
353 1386 490 1423 potest.”

135 1431 142 1435 ’
163 1438 344 1473 Videamus,
367 1446 504 1473 quaenam
532 1437 570 1466 sit
592 1438 718 1475 ejusdem
746 1437 781 1466 de
807 1439 917 1469 ossium
943 1439 1100 1468 fractorum
1124 1436 1273 1467 sanatione
1300 1435 1452 1466 sententia.

124 1489 203 1519 Ossa
227 1489 317 1519 fracta
341 1496 469 1525 possunt
494 1489 574 1519 coire
607 1490 713 1528 (18),
748 1491 829 1528 quod
855 1492 911 1528 qua
942 1490 1054 1521 ratione
1087 1489 1164 1526 fiat,
1201 1489 1320 1518 Celsum
1355 1484 1476 1516 audiatis
1508 1483 1607 1513 dicen-

1548 1541 1608 1564 tem

125 1617 193 1654 (2)
210 1618 272 1647 Vid.
291 1617 368 1647 Libr.
377 1620 411 1647 V.
431 1620 498 1654 cap.
508 1618 604 1649 XXVI.
622 1629 682 1655 pag.
692 1623 740 1650 282
761 1629 819 1658 seq.
957 1621 1023 1656 (3)
1041 1619 1103 1648 Vid·
1121 1622 1140 1647 1·
1159 1626 1185 1646 c·
1202 1626 1261 1652 pag·
1276 1617 1324 1649 283
1344 1621 1403 1648 seq·

123 1662 193 1699 (4)
212 1665 273 1694 Vid.
290 1667 366 1695 Libr.
377 1667 411 1695 V.
431 1669 499 1701 Cap.
514 1668 610 1696 XXVI.
628 1677 689 1702 pag.
705 1677 753 1702 295
770 1678 845 1703 seqq.
964 1667 1031 1702 (5)
1050 1667 1111 1694 Vid.
1131 1668 1149 1694 l.
1169 1673 1194 1692 c.
1215 1663 1438 1699 pag.285-2³87-
1503 1702 1507 1706 ἡ

125 1709 198 1747 (6)
216 1711 278 1738 Vid.
294 1714 313 1739 1.
330 1721 355 1740 c.
373 1722 434 1748 pag.
447 1715 506 1740 288.
616 1715 679 1749 (7)
698 1715 760 1743 Vid.
777 1717 795 1743 1.
812 1723 837 1742 c.
855 1706 914 1748 pag.
926 1706 975 1746 2'89
988 1722 1044 1747 seq.
1063 1720 1089 1739 et
1104 1713 1165 1739 libr.
1175 1712 1213 1738 V.
1232 1713 1298 1744 cap.
1310 1708 1434 1736 xxvm.
1453 1710 1580 1739 pag.32=.

125 1756 189 1792 (Β)
208 1758 271 1785 Vid·
288 1759 409 1786 Libr·V.
427 1760 601 1792 Cap.XXV1.
619 1768 677 1793 pag.
688 1768 755 1794 295:
790 1781 807 1794 ‚‚
824 1761 912 1786 Nimis
929 1767 996 1786 vero
1020 1762 1198 1786 intumescere
1215 1758 1308 1783 vulnus
1321 1773 1328 1785 ‚
1346 1755 1543 1787 periculosum:
1564 1751 1606 1776 ni·

96 1822 115 1836 ,,
131 1802 170 1829 hil
195 1805 395 1837 intumescere,
420 1806 690 1839 periculosissimum.
724 1807 791 1834 Illud
820 1807 946 1833 indicium
966 1812 1006 1832 est
1028 1812 1134 1838 magnae
1158 1801 1387 1831 inflammationis,
1414 1801 1467 1825 hoc
1493 1796 1608 1824 emortui

94 1867 114 1884 ,‚
125 1851 276 1884 corporis.”

128 1895 195 1931 (9)
214 1897 277 1924 Vid.
294 1898 316 1924 l.
332 1905 357 1924 c.
376 1903 438 1930 pag.
448 1905 509 1926 201.
613 1896 691 1932 (ιο)
709 1899 773 1926 Vid.
791 1899 810 1926 l.
826 1906 853 1926 c.
871 1905 932 1932 pag.
945 1905 1004 1931 299.
1107 1896 1187 1930 (ιι)
1206 1894 1268 1922 Vld·
1285 1896 1305 1922 l·
1320 1901 1345 1922 ⁰0
1363 1897 1490 1927 pag-29¹·

127 1942 145 1976 (
156 1943 210 1976 12)
229 1943 292 1969 Vid.
308 1951 368 1976 pag.
382 1950 442 1977 297.
542 1942 562 1977 <
573 1945 626 1978 13)
646 1943 709 1972 Vid.
725 1953 786 1979 pag.
801 1947 860 1978 29⁴8,
962 1943 1042 1978 (14)
1060 1942 1122 1969 Vid.
1140 1950 1200 1976 pag.
1209 1948 1267 1981 299.

127 1988 144 2022 (
157 1990 212 2022 15)
231 1989 293 2016 vid.
310 1989 463 2016 Libr.V11.
482 1990 549 2023 Cap.
560 1992 672 2017 XXVII.
690 1999 750 2024 pag.
763 1993 822 2026 496.
842 1991 919 2018 Libr.
929 1990 1005 2017 v111.
1024 1990 1091 2022 Cap.
1107 1990 1152 2015 1V-
1169 1987 1297 2020 pag-5¹8·

127 2032 208 2068 (16)
226 2034 289 2062 vid.
302 2036 468 2063 Libr.VIII.
486 2037 553 2069 Cap.
569 2036 646 2064 vm.
664 2044 723 2069 pag.
739 2039 800 2070 528.
901 2035 988 2069 (¹7)
1006 2034 1067 2060 Vid.
1086 2033 1162 2059 Libr.
1176 2033 1240 2058 VII.
1258 2031 1325 2061 Cap.
1337 2029 1383 2056 lx.

126 2079 145 2114 (
159 2079 214 2114 13)
231 2080 285 2108 Vid
303 2082 392 2110 -Libh
406 2081 483 2110 VIII·
500 2083 568 2116 Cap.
578 2083 612 2111 X.
635 2091 663 2116 p.
674 2089 741 2117 541:
777 2102 796 2118 ‚‚
814 2082 842 2108 Si
859 2081 963 2116 quando
982 2087 1050 2107 vero
1069 2086 1126 2105 ossa
1146 2085 1200 2105 non
1216 2077 1445 2106 conset-buerunt,
1463 2072 1528 2106 quia
1551 2076 1609 2097 sae-

829 2128 858 2159 C
965 2128 977 2137 “
1535 2136 1554 2151 n
1570 2122 1606 2150 Pe
