1930 2448
292 116 315 147 6
751 118 790 147 tt.
858 116 900 148 A.
965 113 1304 148 HAMAKER

297 204 518 245 magnitudine
537 207 569 236 in
584 204 685 247 majus
707 203 797 246 quasi
821 209 929 245 surgat
946 209 976 233 et
997 208 1114 234 crescat
1135 201 1263 233 oratio?
1312 198 1485 231 Fatendum
1507 206 1572 238 est,
1594 200 1649 231 ista
1671 200 1756 232 haud

298 262 366 291 sine
394 273 506 304 magna
537 261 603 292 veri
635 263 738 303 specie
766 271 857 302 posse
880 259 1009 301 jactari,
1034 270 1092 290 nec
1118 257 1313 301 argumentis
1337 255 1491 287 carituros
1511 268 1595 295 esse,
1620 259 1676 299 qui
1693 259 1761 288 ani·

296 327 351 347 mo
376 324 407 347 et
432 325 536 348 mente
568 324 765 349 commotum
797 316 934 358 frigido,
968 317 1076 358 quieto
1102 321 1133 346 et
1168 314 1257 344 omni
1292 312 1528 355 perturbatione
1563 325 1662 344 vacuo
1696 313 1762 345 elo-

297 373 497 414 quentiorem
524 375 698 417 opinentur
722 384 789 404 esse
813 372 967 403 futurum.
1013 373 1055 404 At
1087 370 1299 402 nihilominus
1329 375 1433 399 tamen
1466 380 1524 400 vos
1549 381 1678 408 omnes,
1703 371 1761 414 qui

298 429 360 459 rnei
378 429 527 461 audiendi
549 431 646 472 gratia
659 429 723 461 huc
742 429 959 466 convenistis,
983 431 1077 459 etiam
1105 434 1199 470 atque
1229 427 1322 457 etiam
1354 425 1523 465 obtestor,
1556 433 1591 456 ut
1623 438 1662 457 ne
1691 438 1762 458 ora-

297 485 393 516 tionis
425 497 512 518 mrae
547 487 794 518 mediocritatem
825 497 896 517 cum
931 495 1041 516 sensus
1073 483 1176 522 illius,
1209 483 1248 514 de
1276 493 1342 526 quo
1370 482 1455 520 dixi,
1484 483 1704 525 magnitudine
1730 490 1761 515 et

295 544 385 582 quasi
414 542 608 574 sublimitate
633 545 830 585 comparetis.
878 543 956 573 Nam
989 543 1129 583 primum
1162 539 1242 570 mihi
1276 550 1330 582 per
1360 538 1540 582 complures
1566 540 1630 581 jam
1657 551 1760 573 anuos

294 607 361 627 non
390 598 424 629 in
449 599 619 630 verborum
648 599 812 641 elegantiis
841 598 1058 640 aucupandis,
1083 597 1138 628 sed
1168 597 1200 627 in
1218 597 1315 627 rebus
1339 596 1456 638 ignotis
1480 596 1687 638 indagandis,
1710 599 1759 629 in-

296 655 484 690 veniendis,
518 655 714 699 proferendis
748 656 993 698 occupatissimo
1011 677 1020 690 ‚
1049 652 1198 684 facundia
1225 663 1321 695 parva
1352 651 1402 683 vel
1439 655 1545 694 potius
1574 653 1661 684 nulla
1692 660 1759 685 est:

294 709 382 752 quod
408 717 511 742 autem
541 713 677 749 intimis,
704 719 738 742 ut
769 716 811 744 ita
834 712 957 749 dicam,
981 712 1079 743 animi
1109 709 1257 741 medullis
1282 709 1494 752 persentisco,
1517 709 1549 740 id
1574 709 1633 740 tale
1656 717 1702 741 est
1724 722 1761 742 ac

296 773 441 805 tautum,
467 775 555 799 utne
574 768 800 799 Demosthenis
825 767 953 809 quidem
975 767 1130 808 alicujus,
1153 773 1207 798 aut
1224 766 1405 804 Ciceronis,
1424 765 1605 808 eloquentia
1621 767 1659 798 ad
1679 767 1759 798 illud

299 824 358 854 rite
392 823 616 867 explicandum
646 823 793 855 sufficiat.
847 825 990 863 Etenim,
1022 831 1058 854 ut
1091 830 1210 854 caetera
1240 824 1405 859 omittam,
1437 821 1624 865 disciplinae
1647 823 1757 863 illius,

292 891 389 922 quam
420 892 476 923 per
504 881 627 925 aliquot
662 892 765 912 annos
788 881 855 923 jam
888 891 959 912 sum
986 879 1167 924 professus,
1203 887 1234 911 et
1259 890 1355 922 quam
1398 890 1453 922 per
1485 879 1645 922 reliquum
1678 883 1761 913 vitae

293 943 420 978 tempus
438 945 544 969 sancte
567 938 780 981 inviolateque
801 939 881 969 tueri
901 937 1058 976 conabor,
1082 936 1292 980 disciplinae,
1313 939 1461 978 inquam,
1485 935 1571 967 illius
1589 937 1708 969 utilitas
1730 944 1762 969 et

294 992 447 1034 elegantia
474 1005 596 1025 amores
616 998 664 1025 sui
693 996 725 1025 in
748 995 856 1024 animo
878 1005 949 1025 meo
966 995 1114 1025 excitavit
1131 994 1209 1025 adeo
1230 992 1452 1032 incredibiles,
1470 999 1620 1036 tantaque
1643 994 1764 1038 pulcri-

296 1049 417 1081 tudinis
439 1060 513 1082 suae
536 1050 744 1082 admiratione
769 1062 817 1082 me
842 1051 984 1094 implevit
1004 1059 1034 1082 et
1058 1052 1248 1094 occupavit,
1275 1057 1310 1080 ut
1336 1056 1504 1092 augustam
1532 1050 1619 1082 illius
1651 1052 1765 1094 imagi-

294 1117 389 1144 nem,
415 1107 541 1149 qualem
566 1109 680 1139 mentis
711 1107 857 1139 sensibus
883 1108 1002 1139 intueri
1029 1107 1135 1146 soleo,
1160 1107 1255 1138 talem
1276 1106 1382 1137 verbis
1401 1106 1579 1149 exprimere
1593 1117 1761 1151 nequeam.

294 1163 398 1201 Quam
423 1165 560 1205 speciem
584 1164 610 1194 si
630 1171 684 1195 aut
708 1175 768 1206 ego
795 1165 861 1207 ipse
890 1164 1085 1195 acutioribus
1115 1163 1214 1194 veluti
1240 1163 1341 1194 oculis
1370 1163 1604 1206 contemplari,
1627 1171 1682 1195 aut
1703 1175 1762 1196 vo·

293 1217 360 1257 bis,
382 1225 540 1261 quantum
561 1219 630 1251 fieri
658 1223 781 1263 possit,
811 1220 982 1264 depingere
1005 1221 1154 1263 cupiam,
1183 1219 1333 1262 equidem
1366 1218 1488 1250 nullam
1510 1220 1594 1251 viam
1624 1221 1764 1264 reperire

294 1285 425 1316 possum
465 1275 646 1315 meliorem,
683 1287 780 1320 quam
822 1283 858 1307 ut
889 1276 929 1307 ab
955 1277 1110 1308 immensa
1146 1282 1177 1307 et
1212 1286 1312 1319 paene
1352 1275 1479 1308 infinita
1511 1276 1597 1308 mole
1636 1288 1764 1318 rerum,

296 1331 416 1373 quibus
451 1332 612 1363 literarum
652 1332 862 1364 Orientalium
892 1334 1022 1365 scientia
1059 1333 1266 1371 continetur,
1303 1332 1389 1364 oculi
1419 1334 1520 1364 nostri
1551 1341 1763 1374 revocentur,

293 1387 333 1418 ad
361 1388 650 1420 eruditissimorum
683 1389 854 1421 hominum
879 1389 1193 1428 considerationem,
1217 1390 1274 1432 qui
1305 1390 1339 1420 in
1367 1390 1428 1421 hoc
1457 1401 1573 1433 genere
1600 1390 1761 1423 doctrina-

294 1454 365 1475 rum
386 1445 561 1476 excolendo
584 1453 615 1477 et
633 1446 798 1485 ornando,
828 1457 957 1478 omnem
984 1457 1114 1490 operam
1137 1456 1229 1477 suam
1254 1445 1459 1490 laboremque
1481 1455 1668 1490 posuerunt.
1714 1449 1765 1480 Sic

294 1501 380 1530 enim
405 1501 522 1543 duplex
556 1503 710 1534 orationis
738 1510 864 1534 nostrae
893 1503 1147 1535 emolumentum
1179 1502 1416 1542 futurum'est;
1447 1514 1521 1534 cum
1545 1513 1585 1534 ex
1614 1504 1703 1535 nulla
1731 1516 1765 1536 re

295 1557 432 1594 melius,
455 1568 552 1600 quam
571 1569 608 1589 ex
638 1562 744 1602 magni
765 1560 903 1603 alicujus
928 1561 988 1592 viri
1020 1561 1140 1591 meritis
1167 1566 1197 1591 et
1226 1560 1326 1591 famae
1354 1559 1554 1598 celebritate,
1579 1559 1618 1591 de
1643 1562 1762 1604 ipsius,

294 1623 391 1654 quam
415 1613 529 1653 coluit,
562 1614 748 1659 disciplinae
772 1618 962 1660 praestantia
983 1617 1120 1659 judicari
1151 1618 1273 1660 possit;
1308 1628 1366 1648 nec
1396 1616 1573 1660 quidquam
1597 1623 1697 1648 exstet
1722 1617 1763 1649 ad

295 1668 413 1709 gloriae
438 1670 643 1713 cupiditatem
669 1673 867 1705 excitandam
896 1675 1021 1712 acrius,
1056 1685 1152 1717 quani
1183 1673 1259 1704 clari
1296 1673 1434 1717 exempli
1464 1675 1497 1705 in
1529 1673 1635 1704 medio
1664 1675 1761 1716 positi

297 1726 534 1768 contemplatio,
584 1727 711 1771 Quodsi
727 1730 791 1772 jam
817 1731 1129 1774 circumspiciamus,
1153 1731 1225 1773 quis
1246 1741 1380 1770 eorum,
1405 1731 1461 1773 qui
1489 1729 1584 1761 rebus
1610 1730 1761 1762 humanis

295 1783 394 1824 erepti
422 1790 498 1813 sunt
532 1785 631 1822 (nam
666 1785 704 1817 de
738 1786 821 1817 vivis
846 1787 941 1818 verba
968 1787 1068 1819 facere
1099 1794 1129 1818 et
1160 1787 1372 1818 adulatorium
1402 1787 1560 1829 imprimis
1585 1797 1652 1818 esse
1677 1788 1761 1818 arbi-

297 1843 364 1867 tror
385 1844 415 1869 et
437 1839 675 1881 invidiosum),
700 1843 773 1885 quis
793 1842 1016 1875 defunctorum
1040 1845 1140 1887 igitur
1163 1846 1300 1875 maxime
1328 1843 1447 1886 diguus
1466 1844 1527 1880 sit,
1550 1843 1643 1884 cujus
1665 1854 1760 1874 num-

297 1903 394 1934 quam
422 1895 659 1928 intermoritura
686 1898 754 1930 laus
780 1901 814 1931 in
831 1899 893 1931 hoc
912 1899 1174 1932 doctissimorum
1198 1901 1341 1931 virorum
1367 1910 1519 1931 consessu
1544 1907 1759 1939 memoretur,

295 1949 456 1981 nerninem
478 1961 552 1982 sane
575 1956 712 1996 reperire
735 1966 869 1998 usquam
890 1968 1044 1999 possum,
1069 1967 1165 2000 quem
1189 1957 1290 1999 magis
1323 1957 1475 1988 omnibus
1497 1957 1758 1989 commendatum

295 2005 440 2048 cupiam,
465 2008 625 2040 neminem
654 2013 710 2052 qui
743 2012 929 2044 uuiversum
955 2024 1063 2046 rerum
1112 2013 1325 2045 Orientalium
1356 2013 1513 2045 ambitum
1546 2012 1624 2046 adeo
1654 2021 1760 2046 mente

1674 2081 1763 2102 com·
