1930 2448
154 755 313 824 Quoties
329 796 390 829 ego
407 785 491 819 vitae
512 792 672 818 anteactae
695 798 826 819 cursum
855 773 982 820 mecum
1015 790 1083 832 ipse
1116 790 1285 823 considero
1299 815 1306 830 ‚
1331 789 1441 822 multis
1465 790 1625 835 variisque

150 842 299 875 fortunae
325 841 451 875 casibus
480 843 652 885 agitatum,
679 843 790 876 multis
822 844 963 877 adversis
987 848 1213 890 prosperisque
1246 847 1341 879 rebus
1370 848 1548 891 insignem,
1576 855 1625 879 to·

149 901 209 932 ties
229 903 264 933 in
292 901 352 931 ista
372 900 526 942 opinione
564 900 831 943 acquiescendum
856 912 922 933 esse
951 904 1072 941 sentio,
1098 903 1224 934 nullum
1250 904 1330 935 mihi
1353 903 1438 935 diem
1467 915 1622 948 umquam

151 955 294 989 illuxisse
325 955 521 995 feliciorem,
545 968 643 999 quam
670 968 737 1000 quo
759 948 917 1000 primurn,
941 969 1009 989 non
1038 961 1108 990 sine
1138 961 1297 999 Numine,
1323 960 1364 991 ab
1384 961 1621 1002 Angustissimo

150 1015 237 1055 Rege
261 1015 496 1055 Franequeram
525 1020 697 1050 evocatus,
725 1014 763 1045 ad
788 1014 894 1045 literas
919 1014 1098 1046 Orientales
1125 1015 1303 1054 docendas,
1338 1016 1521 1059 augendas,
1555 1027 1622 1047 am-

149 1067 360 1112 plificandas,
383 1078 514 1099 omnem
542 1069 733 1102 industriam
759 1070 1025 1115 diligentiamque
1049 1071 1183 1103 traduxi.
1231 1074 1311 1103 Nam
1335 1084 1401 1115 quo
1429 1072 1543 1103 melius
1560 1084 1620 1114 ego

149 1126 219 1168 ipse
241 1124 278 1155 in
306 1123 375 1155 dies
402 1124 489 1156 illius
518 1124 706 1168 disciplinae
735 1127 992 1170 magnitudinem
1019 1127 1217 1171 intelligere,
1249 1128 1456 1172 ejusdemque
1478 1129 1615 1172 praecla-

149 1190 235 1222 ram,
258 1187 368 1212 nostra
391 1181 575 1223 praesertim
600 1189 716 1221 aetate,
737 1183 957 1227 conditionem
984 1191 1091 1215 mente
1118 1184 1287 1228 complecti
1318 1196 1448 1228 possum
1463 1192 1494 1217 et
1515 1186 1620 1217 intue-

149 1237 198 1276 ri,
218 1247 258 1269 eo
283 1235 484 1279 frequentius
505 1237 654 1269 admirari
677 1238 765 1270 soleo
791 1241 851 1271 Dei
882 1242 959 1283 Opt.
978 1243 1063 1273 Max.
1094 1241 1347 1273 benevolentiam
1378 1254 1451 1285 erga
1479 1253 1529 1273 me
1548 1242 1615 1285 pla·

145 1303 189 1325 :ue
212 1292 427 1336 singularem,
459 1296 516 1336 qui
538 1294 635 1333 mihi,
662 1295 745 1327 nihil
766 1296 826 1327 tale
850 1298 1007 1340 speranti,
1034 1298 1069 1328 in
1100 1298 1258 1339 ejusmodi
1283 1299 1397 1330 studiis
1423 1301 1521 1330 vitam
1547 1299 1614 1330 exi-

145 1347 284 1391 gendam
307 1359 375 1380 esse
393 1348 551 1388 decrevit,
577 1350 696 1393 quibus
721 1352 804 1384 nihil
828 1353 867 1384 ad
893 1353 1067 1385 multarum
1097 1365 1222 1390 rerum,
1254 1363 1284 1386 et
1308 1367 1466 1387 novarum
1493 1362 1524 1387 et
1553 1356 1616 1386 uti.

145 1402 360 1442 lissimarum,
391 1407 538 1437 notitiam
564 1408 822 1450 consequendam
848 1409 1062 1449 fructuosius,
1092 1411 1175 1442 nihil
1201 1411 1240 1442 ad
1265 1412 1392 1443 laudem
1421 1419 1452 1443 et
1480 1413 1613 1455 gloriam

145 1459 384 1503 adipiscendam
413 1462 544 1494 uberius
575 1465 747 1507 excogitari
771 1466 882 1508 possit.
931 1466 1059 1510 Quodsi
1078 1467 1143 1509 jam
1170 1468 1292 1510 pridem
1319 1470 1351 1500 in
1378 1470 1469 1500 istius
1499 1469 1614 1500 beatis.

145 1518 244 1548 simae
270 1520 365 1549 sortis
388 1519 659 1562 contemplatione
685 1532 775 1553 mens
807 1534 876 1554 mea
906 1523 1010 1555 defixa
1036 1531 1067 1555 et
1094 1531 1246 1564 occupata
1277 1525 1359 1563 fuit,
1384 1537 1451 1568 quo
1483 1526 1610 1557 taudem

144 1573 319 1617 voluptatis
339 1584 456 1613 sensu,
485 1577 520 1606 in
548 1577 672 1609 intimis
697 1580 890 1620 praecordiis
918 1588 1110 1624 conceptae,
1144 1592 1196 1612 me
1221 1581 1282 1612 hoc
1309 1582 1438 1624 quidem
1468 1589 1612 1625 tempore

143 1629 295 1672 perfundi
319 1637 351 1661 et
371 1637 568 1664 commoveri
598 1633 797 1666 arbitramini
826 1639 865 1668 A.
883 1639 921 1669 A.
946 1639 982 1668 H.
997 1640 1054 1675 H.,
1088 1649 1154 1680 quo
1176 1640 1210 1669 in
1237 1639 1304 1680 ipsa
1331 1639 1420 1680 quasi
1444 1649 1513 1669 arce
1544 1638 1613 1670 lite.

142 1695 251 1717 rarum
276 1687 482 1719 Orientalium
507 1700 559 1720 me
582 1690 678 1721 firmo
706 1691 807 1733 gradu
831 1694 971 1734 positum
999 1700 1030 1724 et
1060 1693 1266 1732 collocatum,
1290 1701 1384 1737 atque
1410 1706 1448 1725 eo
1472 1695 1611 1737 denique

143 1752 278 1773 munere
297 1750 426 1775 auctum
461 1751 492 1776 et
519 1753 669 1777 ornatum
693 1758 760 1778 esse
788 1747 900 1786 video,
927 1748 1008 1779 ultra
1035 1750 1123 1792 quod
1150 1753 1182 1781 in
1210 1751 1268 1781 hac
1294 1752 1356 1781 vita
1389 1750 1474 1781 fluxa
1493 1757 1523 1782 et
1548 1758 1610 1782 ter-

145 1797 238 1828 restri
263 1797 389 1831 homini
415 1800 540 1832 literato
560 1802 648 1843 nihil
676 1810 739 1842 est,
772 1804 858 1846 quod
893 1804 954 1834 sibi
982 1805 1160 1847 optandum
1191 1806 1221 1837 e't
1252 1807 1464 1850 expetendum
1499 1808 1609 1850 putet?

143 1853 260 1884 Nonne
291 1854 391 1897 haec,
421 1869 501 1900 quae
529 1862 802 1897 memoravimus,
828 1866 874 1890 tot
898 1867 928 1891 et
952 1867 1037 1891 tanta
1064 1869 1158 1901 sunt,
1189 1870 1224 1894 ut
1244 1863 1293 1894 vel
1317 1853 1470 1894 indiserto
1498 1864 1608 1895 facun-

143 1908 229 1940 diam
258 1911 462 1944 conciliatura
489 1925 559 1946 esse
584 1915 776 1947 videantur?
820 1917 936 1947 Nonne
961 1928 1018 1959 par
1041 1925 1110 1956 est,
1142 1926 1178 1950 ut
1203 1927 1312 1963 pectus
1332 1931 1370 1950 ex
1389 1920 1455 1962 ipsa
1476 1919 1605 1951 felicita-

145 1966 185 1997 tis
211 1968 405 2000 conscientia
429 1971 512 2002 inter
538 1971 736 2015 loquendum
763 1972 946 2010 incalescat,
972 1980 1007 2004 ut
1030 1984 1069 2005 ex
1095 1974 1301 2019 benignitatis
1319 1986 1392 2019 erga
1410 1987 1460 2007 me
1478 1976 1607 2007 divinae

933 2035 960 2061 A
985 2028 1005 2061 3
1515 2042 1603 2075 mag-
