1961 2438
731 244 1272 300 SERIES

388 382 999 426 DISSERTAIIONUM
1059 382 1657 459 INAUGURALIUMu

535 505 590 539 IN
632 505 923 539 ACADEMIA
969 505 1482 541 LUGDUNo-BATAVA

746 628 925 651 vussmcss
968 628 1271 659 DEFENSARUM‚

346 747 369 767 a
392 735 443 767 die
464 743 525 767 vul
548 735 717 766 Februarii
736 744 962 772 cmmeccxxu,
986 733 1035 765 ad
1055 734 1140 766 diem
1164 744 1221 767 vm
1242 736 1413 767 Februarii
1431 745 1663 769 momcccxxm.

344 978 412 1009 182
427 988 457 1007 2.

275 1028 306 1061 d.
331 1040 372 1072 29
394 1028 510 1060 Martii.
559 1028 739 1060 Dissertatio
762 1027 924 1070 Jan'cltca,
947 1042 1014 1074 qua
1038 1031 1124 1063 duae
1147 1031 1339 1064 exhibentur
1365 1032 1591 1076 ρμαεείιοηες,
1616 1040 1660 1062 ex
1681 1032 1742 1062 Ju-

469 1091 502 1111 νε
522 1080 615 1111 Civili
629 1079 858 1123 depromptae,
881 1083 1011 1116 defensa
1026 1085 1066 1117 ab
1083 1087 1108 1116 E
1118 1096 1133 1115 r
1143 1096 1188 1116 ne
1198 1092 1265 1117 sto
1287 1089 1307 1117 S
1319 1088 1326 1118 i
1337 1087 1399 1129 gis
1409 1096 1471 1116 mu
1481 1083 1562 1116 ndo
1583 1086 1736 1123 Swaen,

471 1136 644 1166 Demeraro
670 1133 878 1175 Americano,
905 1146 965 1178 pro
988 1140 1162 1170 Doctoratu
1181 1139 1267 1169 Juris
1286 1138 1434 1170 Romani.

276 1219 306 1253 d.
332 1222 371 1254 26
389 1221 519 1265 Aprilis.
557 1222 722 1262 Spectmen
737 1219 916 1252 Jurz'dz‘cum
928 1246 937 1261 ‚
960 1235 1025 1267 quo
1043 1227 1247 1266 Quaestiones
1264 1223 1389 1272 qliquot
1408 1223 1571 1255 Juridc'eae
1586 1222 1740 1254 exhiben-

470 1279 519 1303 tur
532 1296 541 1311 ‚
563 1272 730 1304 defensum
760 1271 800 1302 ab
831 1274 1046 1308 Hendrico
1068 1277 1303 1310 Abrahamo
1326 1277 1373 1309 de
1394 1278 1560 1315 Steuer,
1584 1285 1644 1317 pro
1659 1277 1743 1307 Doc-

471 1331 576 1356 toratu
599 1326 684 1355 Juris
706 1325 842 1356 Romani
869 1332 901 1358 et
927 1329 1092 1362 Hodierni.

277 1411 307 1445 d.
329 1424 346 1444 2
371 1412 458 1455 Maji.
505 1413 668 1454 Spectmen
685 1412 884 1453 lamachum,
906 1425 965 1458 quo
993 1418 1197 1457 Quaestiones
1225 1418 1311 1448 νανίι·
1330 1418 1509 1458 argumenti
1533 1413 1744 1453 exhibentur,

473 1463 639 1495 defensum
676 1464 717 1495 ab
749 1467 776 1495 H
785 1477 802 1496 e
812 1477 833 1496 n
844 1477 859 1496 ι·
869 1467 879 1496 i
892 1478 909 1497 c
919 1478 939 1497 o
970 1469 1036 1500 Joc
1046 1468 1093 1500 he
1101 1480 1131 1500 m
1141 1479 1156 1500 s
1166 1492 1178 1509 ‚
1210 1471 1342 1511 Hagano
1356 1490 1369 1508 9
1407 1479 1466 1511 pro
1488 1469 1664 1499 Doctoratu
1691 1469 1746 1498 Ju-

471 1516 515 1547 ris
542 1518 679 1547 Romani
701 1523 733 1548 et
759 1517 921 1548 Hodierni.

277 1602 311 1634 d.
338 1602 375 1635 18
397 1602 485 1646 Maji.
532 1605 714 1634 Dissertatio
732 1603 1057 1639 Politt'co·Hc'st0rz'ca
1089 1607 1131 1639 de
1160 1619 1194 1639 re
1212 1606 1404 1638 pecuniaria
1428 1607 1562 1647 Imperii
1581 1608 1741 1646 Romani,

472 1654 547 1686 inde
569 1656 612 1686 ab
637 1657 780 1698 Augusto
811 1661 932 1703 Magno
959 1671 1058 1703 usqae
1085 1660 1134 1691 ad
1153 1661 1394 1693 Constantinum
1424 1661 1603 1701 Illagnum,
1635 1659 1743 1691 defen·

471 1718 505 1738 sa
532 1708 572 1740 ab
594 1710 753 1741 Joanne
776 1713 960 1744 Gerardo
992 1714 1030 1745 la
1058 1716 1156 1753 Lau,
1180 1714 1510 1758 Lugduno-Batavoa
1540 1722 1600 1755 [³¹⁸⁰
1622 1713 1741 1747 D⁰0t⁰³

473 1767 544 1791 ratu
565 1761 648 1792 suris
666 1764 802 1796 Romani
829 1771 860 1796 et
891 1765 1057 1801 Hodierni.

277 1844 309 1876 d.
333 1854 372 1885 25
397 1847 485 1889 Maji⁵
529 1847 780 1891 Disputatio
811 1851 1121 1897 Philosophico
1151 1854 1344 1888 Juridica
1374 1853 1423 1885 de
1462 1854 1658 1897 Nuptiis,
1688 1853 1744 1886 de·

471 1898 557 1930 sensa
593 1900 628 1930 iu
650 1902 887 1935 Auditorio
914 1906 1093 1948 Major-i,
1134 1907 1174 1939 ab
1207 1909 1394 1938 Martino
1437 1909 1563 1938 Petro
1599 1904 1743 1936 Bleau-

480 1951 602 1990 been,
633 1964 672 1983 ex
694 1965 776 1998 pago
809 1957 998 1992 Nieuwvliet
1022 1960 1182 2000 Zelando,
1204 1971 1265 2003 pro
1290 1962 1465 1992 Doctoratu
1495 1959 1578 1990 Juris
1603 1957 1742 1990 Romani

470 2009 502 2035 et
525 2003 686 2037 Hodierni.

1674 2077 1746 2111 eod.
