1930 2448
289 107 347 139 105·
633 96 1451 133 G.C.B.SUR1NGAR.

553 210 583 246 §-
605 216 636 247 5.
674 209 721 238 De
738 204 932 247 Experientid
949 214 1080 235 vasorum
1099 205 1306 243 Vegetationem
1324 205 1530 244 comprobante.

331 290 376 319 De
393 287 478 317 modo
488 307 504 323 ,γ
523 295 580 322 quo
597 285 709 315 Natura
725 284 891 313 medicatrix
905 283 934 312 in
950 284 1121 319 vulnerum,
1148 284 1276 312 ulcerum
1293 289 1320 311 et
1345 281 1532 311 fracturarum
1561 282 1707 312 sanatione
1730 291 1795 312 ver-

294 348 393 375 satur,
426 337 629 374 qualicumque
654 337 755 365 nostra
771 335 911 371 explicata
932 334 1091 370 sententia»,
1120 334 1349 371 respondendum
1373 343 1449 363 nunc
1472 335 1586 363 videtur
1607 335 1641 363 ad
1663 334 1798 371 gravissi·

293 400 384 426 mam,
408 397 491 425 quam
506 389 569 426 jure
583 387 647 423 quis
663 386 756 416 facere
775 386 889 423 possit,
911 386 1114 424 Quaestionem
1127 393 1141 413 :.
1163 392 1259 414 utrum
1276 385 1410 414 nimirum
1428 385 1579 422 Vegetatio
1596 386 1645 414 illa
1661 394 1796 416 vasorum

295 441 402 479 ingenii
417 440 533 470 humani
549 439 588 468 sit
603 445 716 475 partus,
738 447 773 466 an
791 446 859 466 vero
874 437 1014 474 temporis
1031 436 1110 466 filia?
1133 456 1156 473 „
1167 437 1340 473 Ignorabant
1354 443 1446 465 tamen
1462 443 1572 465 veteres
1592 436 1798 465 subtilissimo·

296 514 316 531 „
336 502 398 522 rum
417 500 553 522 vasorum
574 489 729 519 mirabilem
758 495 948 524 structuram,
980 487 1086 524 quibus
1109 494 1204 525 partes
1228 488 1327 518 nostri·
1344 487 1477 524 corporis
1500 495 1644 517 constant.
1687 487 1798 517 Anato-

295 565 315 581 „
335 544 415 573 micis
440 541 730 572 demonstrationibus
757 539 852 568 edocti
875 539 961 568 hodie
984 545 1153 576 stupemus,
1175 540 1322 575 quomodo
1348 541 1479 576 elongata
1498 548 1652 575 vasorum,
1681 539 1711 568 in
1736 540 1800 568 vui-

296 616 316 633 „
335 604 403 625 nere
419 594 577 630 hiantium,
598 594 695 621 oscula
712 591 814 621 vicinis
833 597 1022 627 concurrant,
1044 590 1197 627 uniantur,
1214 590 1421 619 concrescant”
1442 597 1503 619 etc,
1521 591 1582 627 (53
1593 591 1619 619 W.

333 647 410 676 Huic
433 644 579 675 Swietenii
601 643 678 673 dicto
703 643 848 681 analogis‚
869 643 990 672 aliorum
1011 649 1161 672 auctorum
1186 641 1301 671 assertis
1311 662 1330 678 ‚.
1343 642 1378 670 ad
1396 641 1574 678 propositam
1595 641 1805 679 Quaestionem*

292 697 481 735 responsuri,
502 697 545 725 uti
571 704 743 734 possemus,
765 703 797 724 ut
818 695 859 724 sic
888 694 1129 724 Clarissimorum
1146 694 1275 724 virorum
1296 692 1469 722 testimoniis
1498 692 1654 721 sententiae
1689 700 1803 723 nostrae

294 750 400 785 fidem,
420 750 468 778 vel
491 750 589 777 saltem
605 748 728 783 aliquam
744 747 804 776 veri
819 746 963 783 speciem,
984 746 1162 776 adderemus.
1204 745 1374 782 Cogitantes
1396 750 1508 779 autem,
1535 744 1622 772 verba
1645 750 1672 772 et
1695 752 1803 775 asserta

297 801 441 830 var10rum
465 806 614 829 auctorum
639 798 716 828 hunc
746 798 776 827 in
804 797 890 826 finem
915 806 976 827 non
1000 797 1130 826 sufficere
1155 804 1262 832 posse,
1292 794 1510 824 observationes
1535 795 1711 831 colligendas
1741 805 1803 825 esse

295 851 486 886 credidimus,
508 858 627 886 quarum
644 849 813 878 auctoritate
830 850 865 878 de
883 849 1040 878 sententiae
1061 854 1177 878 nostrae
1198 846 1317 877 veritate
1336 852 1467 876 constare
1486 846 1598 883 possit..
1622 847 1731 876 Harum
1752 847 1806 876 ob-

296 902 492 932 servationum
516 910 576 931 non
598 909 703 937 paucas
729 900 846 937 collegit
869 900 1078 935 Clarissimus,
1104 905 1132 927 et
1157 899 1192 927 de
1218 897 1303 927 omni*
1320 897 1381 926 fere
1399 897 1560 927 Medicinae
1587 897 1696 927 ambitu
1722 899 1807 927 meri·

296 953 445 989 tissimus',
462 952 607 991 Johannes
628 951 796 981 Fredericus
814 951 978 980 Meckelius
994 950 1098 986 (54),
1125 957 1160 977 ex
1177 957 1236 984 quo
1262 954 1379 977 auctore
1394 948 1491 983 itaque
1519 948 1735 978 observationes
1754 947 1806 978 ali-

298 1010 371 1039 quot
395 1004 523 1038 tradere,
550 1011 655 1039 easque
682 1003 745 1032 aliis
768 1003 825 1031 hue
855 1000 1069 1039 pertinentibus
1093 999 1345 1029 observationibus
1371 1005 1400 1028 et
1422 999 1623 1035 experimentis
1650 1008 1760 1037 augere
1777 1007 1808 1029 et

295 1054 465 1084 confirmare
488 1053 583 1083 liceat.
1635 1082 1637 1084 Ι

334 1107 384 1134 An
407 1105 508 1134 revera
524 1113 600 1133 nova
618 1103 735 1133 formari
754 1109 881 1141 possunt
899 1102 990 1132 vasa?
1031 1101 1167 1139 Quonam
1195 1106 1325 1136 tempore
1351 1100 1421 1128 haec
1442 1108 1507 1128 vasa
1527 1099 1710 1130 formantur?
1742 1100 1809 1132 Un-

300 1157 400 1185 denam
422 1156 491 1185 haec
516 1163 583 1184 vasa
610 1154 750 1191 originem
776 1162 856 1182 suam
880 1152 1012 1181 habent?
1053 1152 1101 1181 En
1128 1151 1313 1187 quaestiones
1338 1151 1469 1186 aliquot,
1491 1151 1526 1179 ad
1552 1159 1644 1186 quaS,
1668 1158 1808 1186 quatenus

297 1211 353 1239 hoc
370 1219 423 1247 pro
443 1209 549 1238 virium
568 1208 742 1246 juvenilium
765 1205 903 1236 tenuitate
917 1204 980 1234 fieri
1000 1204 1127 1242 poterit,
1142 1210 1219 1232 nunc
1237 1201 1468 1238 respondendum
1484 1206 1539 1230 est.
1581 1201 1699 1230 Initium
1715 1210 1814 1233 suma-

298 1269 362 1290 mus
378 1269 393 1289 a
409 1259 500 1297 prima
512 1278 524 1295 ‚
545 1265 574 1289 et
588 1258 755 1294 videamus,
772 1267 841 1287 num
858 1266 935 1287 nova
953 1263 1052 1285 revera
1066 1253 1185 1283 formari
1201 1252 1317 1290 possint
1330 1260 1399 1281 vasa
1418 1251 1516 1289 (55).
1551 1251 1599 1281 An
1616 1252 1684 1281 haec
1701 1261 1818 1289 semper.

298 1318 326 1339 et
348 1310 377 1339 In
401 1310 535 1339 omnibus
559 1310 652 1338 denuo
673 1308 804 1337 formatis
827 1308 959 1344 partibus
978 1308 1148 1335 evolvantur
1176 1311 1205 1333 et
1223 1303 1426 1340 inveniantur,
1452 1302 1576 1331 dubitari
1598 1309 1708 1339 potest.
1749 1304 1814 1333 Ob-

296 1361 420 1390 servavit
446 1361 544 1389 saltem
567 1360 704 1388 Hallerus
725 1359 818 1394 (56)
838 1357 869 1386 in
894 1357 1007 1386 laminis
1034 1355 1254 1392 ligamentosis‚
1274 1356 1347 1385 inter
1372 1356 1502 1392 pleuram
1531 1361 1558 1382 et
1574 1355 1741 1390 pulmonem
1767 1355 1813 1385 in-

296 1411 444 1442 veniendis
458 1432 467 1447 ‚
489 1412 568 1440 nulla
593 1418 678 1446 saepe
704 1416 840 1437 vasorum
865 1407 988 1444 vestigia
1010 1406 1134 1436 inveniri
1158 1413 1270 1443 posse,
1292 1407 1382 1441 quod..
1394 1406 1458 1432 Viri
1479 1406 1530 1434 Cl.
1550 1411 1689 1433 assertum
1715 1407 1818 1435 analo·

298 1464 341 1501 gis
366 1473 382 1492 a
405 1473 435 1493 se
463 1462 548 1492 factis
576 1460 829 1491 observationibus
853 1468 887 1488 se
912 1458 1132 1495 comprobatum
1153 1456 1281 1491 vidisse,
1310 1461 1434 1484 testatur
1456 1454 1638 1485 Meckelius..
1671 1456 1812 1495 Quamvis

298 1516 383 1543 hasce
407 1514 441 1543 ab
462 1514 543 1542 hisce
567 1513 647 1542 Viris
669 1511 870 1546 clarissimis,
892 1510 1013 1539 maxima
1037 1510 1093 1539 fide
1118 1506 1317 1545 dignissimis,
1337 1506 1427 1536 factas
1453 1507 1669 1537 observationes
1697 1517 1757 1537 non
1780 1508 1818 1540 ἱη.

300 1565 419 1593 dubium
444 1572 548 1592 vocare
569 1563 712 1597 velimus,
742 1571 808 1591 cum
833 1561 908 1589 Viro
934 1562 1057 1597 quodam
1081 1559 1260 1590 Doctissimo
1281 1557 1341 1594 (57
1353 1558 1379 1596 )<
1395 1559 1568 1593 respondere
1592 1564 1685 1587 tamen
1709 1559 1813 1599 liceat,

303 1616 382 1651 quod
404 1616 472 1643 haec
491 1623 558 1643 vasa
583 1614 682 1642 adesse
701 1612 838 1649 possint,
867 1611 936 1640 licet
957 1620 1017 1640 non
1038 1610 1272 1646 conspiciantur,
1293 1610 1398 1637 multas
1422 1609 1497 1638 enim
1523 1609 1622 1638 adesse
1644 1615 1738 1645 partes
1764 1618 1811 1638 or-

302 1666 416 1702 ganicas
444 1666 544 1701 magna
566 1673 701 1694 vasorum
726 1663 810 1699 copia
835 1662 997 1699 praeditas,
1027 1669 1145 1698 quarum
1171 1667 1266 1688 tamen
1291 1666 1359 1688 vasa
1380 1658 1410 1688 in
1437 1665 1514 1688 statu
1536 1659 1656 1688 normali
1678 1660 1810 1696 conspici

302 1722 444 1751 nequeant
455 1725 471 1752 ς’
489 1715 530 1743 uti
550 1724 580 1745 v.
602 1724 630 1744 c.
661 1715 690 1744 in
715 1715 878 1743 membrana
901 1713 1012 1744 amnios
1031 1719 1059 1742 et
1074 1711 1195 1748 chorio,
1217 1711 1255 1740 in.
1271 1709 1434 1739 membrana
1450 1709 1623 1747 hyaloidea,
1649 1717 1677 1739 et
1693 1711 1724 1741 in
1744 1711 1817 1748 ipsa·

302 1775 418 1804 quoque
440 1766 548 1796 cornea
572 1772 790 1803 transparentea.

1754 1812 1818 1844 Ac·

339 1880 415 1914 (53)
433 1882 622 1908 Vaanwieten
642 1882 746 1909 comm.
764 1882 791 1907 in
807 1881 911 1908 Boerh.
927 1881 993 1907 hist-⁷
1008 1875 1143 1913 ad'§.158.·
1161 1880 1238 1908 Tom.
1250 1881 1271 1908 1.
1291 1887 1350 1913 pag.
1360 1884 1428 1911 2325-

339 1927 416 1961 (54)
436 1928 578 1954 Handbuch
594 1927 639 1953 der
656 1929 755 1962 pathol.
769 1928 908 1955 Anatomie
925 1927 963 1954 11.
973 1926 1056 1954 Band.
1074 1933 1117 1953 2te
1128 1927 1212 1955 Abth.
1227 1928 1322 1960 Leipz.
1337 1925 1410 1952 1818.
1429 1928 1473 1950 21.
1484 1927 1562 1955 seqq&

336 1973 415 2006 (55)
443 1974 526 2000 conf.
545 1981 575 2000 ea
594 1982 660 2007 quae
679 1975 729 2008 jam
756 1975 914 2008 scripsimus
941 1974 1012 2000 Part.
1031 1973 1068 1999 11.
1092 1974 1168 2001 sect.
1185 1973 1208 2000 1.
1235 1974 1302 2006 Cap.
1321 1972 1342 1998 1.
1367 1968 1395 2005 S.
1411 1977 1437 2003 3.

338 2017 417 2051 (56)
445 2019 507 2045 Ἢά.
535 2019 568 2045 de
587 2028 664 2054 corp.
682 2021 786 2046 humani
804 2022 915 2047 fabrica.
943 2018 1009 2047 edit.
1029 2020 1207 2054 1778..Tom.
1226 2021 1248 2047 1.
1274 2028 1302 2054 p.
1319 2026 1373 2053 5η
1396 2037 1416 2053 ,,
1433 2017 1542 2051 Magnas
1566 2016 1728 2044 membranas
1750 2016 1810 2045 abs-

309 2071 368 2097 que.
382 2064 450 2089 vasis
471 2071 529 2089 esse
550 2073 646 2097 posse,
664 2055 941 2100 maiiifestafexempla
960 2066 1118 2093 evincunt.”
1137 2073 1190 2092 etc.

341 2110 396 2145 (52
407 2108 429 2144 ),
441 2109 503 2138 Vid.
522 2111 556 2138 G.
575 2112 721 2144 mescher,
742 2112 1035 2140 dansleDIctiomde
1052 2111 1146 2139 Medic
1165 2118 1219 2138 etc.
1253 2111 1315 2139 Vol.
1332 2111 1355 2139 1.
1380 2109 1552 2139 vaadhesion
1569 2115 1630 2143 pag.
1648 2109 1707 2143 358.
