1930 2448
286 126 325 152 n
648 114 900 147 CORNELII
939 110 1157 142 ADRIANI
1197 111 1444 146 BERGSMA

662 200 694 236 §.
715 208 747 236 9.
786 197 832 227 De
856 197 965 234 origine
986 197 1226 226 incantationum
1247 197 1423 226 Rockaniae.

324 278 416 315 OrIgo
437 274 599 305 mechanica
620 274 863 304 incrustationum
887 282 902 302 a
922 272 1054 309 plurimis
1081 274 1232 310 proposita
1259 281 1323 310 est,
1345 274 1396 303 sed
1418 281 1516 304 nostra
1534 281 1623 304 aetate
1642 284 1702 306 non
1722 285 1799 315 opus

287 330 341 359 erit
367 337 417 357 eos
443 327 588 363 refutare,
619 326 799 363 quaerendo:
830 324 975 362 quomodo
1006 324 1150 360 explicare
1179 325 1295 362 possint
1320 324 1523 354 formationem
1554 335 1662 356 massae
1693 328 1801 359 solidae

285 382 406 418 eJ'usque
426 387 511 416 saepe
526 378 613 407 durae
633 377 662 407 in
683 377 788 414 aquis,
811 385 868 414 ope
891 382 1001 405 tantum
1024 384 1120 405 motus
1137 377 1360 414 particularum?
1382 384 1409 406 et
1430 378 1504 406 unde
1524 377 1623 413 fieret,
1644 379 1722 415 quod
1739 388 1800 409 non

287 441 386 463 omnes
404 439 499 469 partes
517 439 584 460 mox
613 437 681 468 post
701 429 902 459 formationem
926 429 1029 457 iterum
1053 428 1290 464 destruerentur,
1311 428 1453 463 siquidem
1477 435 1568 457 status
1596 429 1693 458 harum
1712 430 1803 466 parti·

284 486 413 514 cularum
434 483 545 512 actione
564 481 727 512 mechanica
748 481 851 510 mutari
866 489 925 510 non
949 478 1066 516 possit?
1088 478 1182 509 Facile
1200 479 1264 508 ideo
1284 478 1457 516 intelligitur
1479 479 1701 509 incrustationes
1721 489 1803 511 num-

285 542 369 571 quam
393 543 481 571 posse
504 533 642 571 originem
668 533 772 562 habere
796 539 907 561 tantum
928 531 1135 560 mechanicam.

323 586 478 622 Corpora,
491 594 562 621 quae
580 584 709 614 animalis
726 590 795 612 sunt
809 581 928 620 originis
946 589 975 611 et
995 591 1067 618 quae
1083 590 1115 612 ut
1131 583 1354 613 incrustationes
1371 584 1446 613 forte
1466 585 1641 614 considerari
1660 593 1803 622 possent,

284 638 327 666 uti
345 637 521 674 Madrepora
544 636 655 672 aliaque
677 635 827 672 polyparia
850 635 939 670 dura,
963 634 1080 670 proprie
1098 643 1158 664 non
1185 635 1220 663 ad
1239 635 1461 665 incrustationes
1489 636 1631 673 pertinere
1663 637 1804 667 censenda

285 694 372 723 sunt,
396 689 524 723 adeoque
547 696 606 716 non
629 693 699 716 sunt
721 687 809 724 hujus
828 686 903 723 loci;
926 692 955 715 et
972 695 1142 722 quamquam
1169 687 1341 723 Alcyonella
1358 695 1524 724 stagnorum
1543 689 1665 716 multum
1688 688 1803 724 quidem

283 739 396 768 confert
413 739 449 767 ad
467 738 669 768 formationem
687 737 928 768 incrustationum
946 736 1132 773 Rockaniae,
1152 737 1252 766 harum
1276 738 1358 775 origo
1385 745 1480 767 tamen
1499 738 1533 766 ab
1556 747 1587 767 ea
1605 739 1727 774 pendere
1742 747 1802 770 non

284 797 393 827 potest.

320 841 412 877 Origo
433 841 672 871 incrustationum
690 849 783 877 neque
806 847 850 869 est
866 839 1155 876 mechanica-‚neque
1171 839 1319 875 animalis,
1339 839 1390 868 sed
1414 839 1636 870 incrustationes
1652 840 1715 870 illae
1735 847 1807 870 sunt

284 891 402 928 originis
427 892 592 928 chemicae,
615 902 703 929 quum
732 893 800 921 haec
825 893 947 929 pendeat
964 901 980 920 a
1005 891 1152 920 solutione
1172 891 1333 920 carbonaris
1359 891 1446 920 calcis
1468 901 1524 928 ope
1554 891 1626 920 acidi
1656 891 1803 921 carbonici

283 941 311 970 in
333 951 418 977 aqua.
460 943 609 980 Originem
627 944 868 973 incrustationum
887 942 1054 972 Rockaniae
1076 942 1111 971 ab
1133 942 1185 971 hac
1209 951 1294 971 causa
1311 943 1434 979 pendere
1461 943 1698 978 praecedentibus
1722 951 1802 980 para-

284 993 399 1028 graphis
421 993 573 1030 probatum
598 1002 659 1030 est,
684 995 757 1024 unde
777 1001 891 1023 constat
919 993 1142 1023 incrustationes
1161 1001 1275 1022 nostras
1303 1002 1366 1022 esse
1389 993 1509 1030 originis
1533 994 1688 1024 chemicae.

319 1043 439 1072 Possem
460 1045 506 1074 hic
526 1045 610 1074 finem
634 1046 702 1075 huie
726 1046 920 1075 dissertationi
939 1046 1108 1082 imponere,
1127 1045 1183 1074 nisi
1206 1045 1298 1074 adhuc
1314 1045 1454 1082 agendum
1474 1052 1551 1073 esset
1565 1045 1600 1074 de
1618 1044 1803 1075 incrustatio-

287 1092 373 1122 nibus
396 1094 425 1123 in
447 1097 529 1131 aquis
558 1095 612 1126 Sti.
634 1096 779 1125 Brunonis
799 1096 939 1127 inventis.

608 1177 641 1212 §-¹
661 1182 691 1211 7.
732 1173 779 1203 Dc
797 1173 1052 1203 incrustanonibus
1072 1184 1215 1213 aqua-rum
1246 1174 1302 1204 Sti.
1325 1174 1484 1205 Brttnom‘sv

319 1247 408 1285 Quod
432 1248 534 1278 attinet
555 1250 590 1278 ad
606 1250 829 1280 incrustationes
853 1251 882 1280 in
903 1251 987 1287 aquis
1011 1251 1069 1280 Sti.
1086 1251 1231 1280 Brunonis
1254 1260 1269 1280 a
1288 1252 1368 1281 Clar.
1391 1251 1493 1280 Burtin
1510 1250 1661 1286 inventas,
1683 1259 1729 1280 eas
1748 1250 1807 1279 ob-

280 1299 411 1328 servandi
434 1300 547 1329 occasio
566 1301 635 1329 mihi
654 1301 763 1338 defuit3
787 1311 855 1339 ergo
875 1302 959 1331 liceat
981 1309 1091 1331 tantum
1109 1302 1218 1331 tradere
1236 1311 1288 1337 ea,
1312 1311 1384 1337 quae
1402 1302 1519 1338 scripsit
1539 1302 1585 1331 vir
1600 1302 1648 1330 ille
1666 1301 1800 1330 clariss.=

282 1367 300 1383 ,‚
320 1349 408 1378 C'est
422 1351 493 1380 dans
509 1361 562 1381 nos
583 1353 751 1388 ruisseaux,
774 1360 889 1382 surtout
906 1352 983 1381 celui
1003 1353 1037 1380 de
1058 1353 1103 1381 St.
1122 1353 1240 1387 Bruno,
1261 1353 1353 1387 qu'on
1373 1359 1477 1381 trouve
1497 1362 1551 1381 nos
1572 1352 1798 1388 incrustation53

282 1420 300 1435 „
323 1400 372 1435 qui
397 1410 432 1430 ne
457 1410 524 1431 sont
545 1410 625 1432 autre
650 1404 762 1440 chose,
787 1413 843 1440 que
868 1405 894 1432 la
918 1410 1015 1438 terre,
1036 1402 1149 1431 chariee
1176 1411 1227 1439 par
1247 1404 1288 1432 les
1316 1411 1407 1438 eaux,
1439 1403 1489 1438 qui
1512 1403 1583 1432 s’est
1605 1404 1731 1440 deposee
1750 1411 1801 1432 sur

281 1470 299 1486 „
321 1451 383 1480 l’un
418 1461 457 1481 ou
484 1454 589 1483 l'autre
617 1463 729 1491 corps:
762 1457 832 1484 elles
859 1454 965 1483 offrent
1000 1454 1074 1482 donc
1102 1460 1201 1482 aurant
1227 1453 1262 1481 de
1295 1453 1420 1482 varietes
1457 1454 1528 1483 dans
1561 1455 1639 1484 leurs
1668 1453 1799 1489 formes,

281 1521 298 1535 η
321 1502 393 1536 qu’il
421 1512 443 1539 y
470 1513 486 1532 a
517 1505 551 1533 de
580 1505 734 1534 difference
773 1513 853 1534 entre
885 1507 928 1534 les
959 1514 1071 1541 corps,
1109 1505 1159 1541 qui
1190 1507 1267 1534 leurs
1294 1513 1345 1534 ont
1377 1506 1453 1534 servi
1486 1507 1522 1533 de
1553 1513 1695 1541 noyaux:
1735 1506 1802 1542 plu·

280 1572 299 1587 „
320 1552 411 1581 sieurs
435 1556 528 1583 meme
553 1564 584 1584 se
610 1556 773 1584 reunissent
790 1563 818 1584 et
841 1556 968 1584 forment
995 1557 1045 1584 des
1073 1565 1179 1584 masses
1206 1556 1390 1593 singulieres.
1432 1556 1509 1584 Mais
1536 1565 1647 1585 comme
1673 1558 1702 1585 le·
1725 1559 1800 1586 ruis-

280 1623 298 1639 „
319 1613 385 1633 seau
405 1613 448 1634 est
464 1606 553 1635 borde
571 1608 698 1637 d'arbres
724 1615 751 1636 et
776 1608 811 1636 de
831 1608 930 1642 ha'ies,
960 1609 1038 1635 leurs
1061 1607 1187 1643 raeines,
1210 1614 1357 1642 penetrant
1385 1608 1454 1635 dans
1476 1608 1569 1642 l'eau,
1594 1615 1661 1636 sont
1687 1609 1712 1636 Ia
1742 1617 1800 1637 ma-

279 1674 297 1690 „
318 1655 388 1684 tiere
417 1657 443 1685 la
472 1658 538 1692 plus
566 1666 719 1699 commune
745 1659 778 1687 de
805 1668 853 1687 ces
884 1667 1000 1696 noyaux
1018 1680 1028 1693 ,
1061 1665 1164 1687 autour
1195 1659 1331 1693 desquels
1352 1659 1378 1686 la
1407 1664 1480 1685 terre
1502 1657 1620 1686 calc-aire
1645 1667 1676 1686 se
1707 1658 1800 1695 depo-

280 1724 297 1739 „
318 1714 348 1734 se
377 1707 594 1742 copieusemem
612 1730 622 1744 ‚
652 1716 680 1738 et
711 1710 802 1738 forme
828 1718 926 1739 autaut
953 1711 1159 1740 d'osteocolles
1179 1732 1189 1746 ,
1216 1712 1287 1739 dont
1313 1711 1460 1747 plusieurs
1493 1710 1666 1740 renfermcnt
1694 1721 1797 1741 encore

280 1775 297 1790 ‚‚
318 1756 344 1783 la
360 1757 453 1786 racine
475 1768 525 1787 sur
543 1761 667 1795 laquelle
685 1763 753 1790 elles
778 1769 830 1791 ont
852 1763 914 1799 pris
941 1763 1113 1797 naissancc3
1139 1762 1265 1790 d'autres
1286 1763 1377 1790 meme
1400 1769 1507 1790 restent
1525 1771 1629 1790 encore
1651 1763 1796 1792 at'tache‘es

279 1825 297 1841 ‚‚
318 1814 332 1833 a
353 1806 457 1834 l'arbre
486 1810 556 1838 dont
575 1820 622 1839 ees
650 1813 758 1841 racines
785 1813 850 1842 font
881 1816 1010 1850 part'ess'
1051 1816 1090 1844 Et
1110 1815 1211 1843 deinde
1254 1835 1272 1850 ‚.,
1295 1815 1409 1843 Toutes
1435 1816 1475 1843 les
1497 1814 1702 1843 incrustations
1725 1815 1797 1844 dont

280 1877 298 1891 „
317 1857 364 1894 j’ai
391 1859 466 1893 parle
487 1860 628 1895 jusqu'ici
653 1871 719 1893 sont
742 1865 878 1893 calcaires
907 1873 935 1894 et
956 1866 1028 1895 d’un
1053 1866 1111 1902 gris
1134 1866 1245 1895 brun'’.
1269 1866 1338 1902 (1)
1380 1865 1435 1893 His
1464 1864 1584 1893 sormam
1614 1872 1641 1893 et
1666 1872 1794 1893 naturam

279 1907 516 1940 incrustationum
542 1912 747 1947 cognoscimus
770 1920 797 1941 et
816 1923 892 1950 patet
918 1918 998 1946 Clar.
1022 1925 1167 1945 auctorem
1194 1916 1329 1945 statuisse
1349 1916 1399 1944 has
1427 1915 1647 1944 incrustationes
1672 1916 1792 1952 originis

276 1957 367 1986 fuisse
383 1959 574 1990 mechanicae.
600 1963 657 1990 Sed
675 1963 755 1999 prius
774 1964 917 1995 videamus
937 1968 1005 2003 quil
1022 1975 1120 1996 auctor
1133 1968 1235 1996 dixerit
1252 1968 1285 1996 de
1304 1967 1388 2004 aquis
1409 1967 1466 1997 Sti.
1478 1967 1636 1997 ssrunonis.
1671 1967 1792 2004 „L’eau

1744 2026 1792 2048 ce·

311 2088 377 2124 (1)
397 2092 634 2128 Franeois-Xavier
653 2096 746 2122 Burtiu
760 2115 767 2127 ‚
790 2098 1005 2133 Oryctographie
1022 2100 1054 2126 de
1072 2102 1212 2127 Bruxelles
1230 2109 1257 2134 p.
1272 2101 1313 2133 65·
