1961 2438
179 721 400 785 Hominem
425 750 460 781 in
484 750 548 782 hoc
572 749 687 782 mundi
717 750 840 782 theatro
865 749 1076 790 collocatum,
1100 746 1246 792 undique
1272 749 1399 783 infinita
1424 761 1525 795 prope
1544 762 1653 784 rerum

177 805 387 838 multitudine
415 806 667 847 circumfusum,
701 817 776 838 cum
811 806 1089 849 contemplamur,
1121 806 1268 849 duplici,
1304 818 1369 851 qua
1398 819 1494 839 usum
1528 808 1656 840 illarum

179 861 386 906 fructumque
405 864 569 906 acquirat,
593 863 741 896 facultate
760 865 953 894 instructum
969 873 1045 894 eum
1072 863 1310 906 comperimus,
1333 865 1436 896 Sensu
1457 871 1488 896 et
1506 865 1653 897 Ratione.

177 918 273 954 Illum
299 918 339 950 ad
361 929 494 962 corpus,
527 920 610 951 hanc
643 920 683 952 ad
712 920 853 951 animam
886 918 1003 962 referre
1038 920 1187 961 quamvis
1223 920 1368 963 proclive
1399 920 1564 959 videatur,
1589 927 1654 952 tam

178 974 342 1006 indivulso
363 981 469 1005 tamen
495 986 583 1006 nexu
603 976 660 1006 has
694 975 857 1006 facultates
883 975 966 1005 inter
997 985 1030 1005 se
1060 975 1249 1016 conjunctas
1277 986 1345 1007 esse
1375 983 1527 1020 apparet,
1552 982 1588 1007 ut
1609 975 1655 1007 al-

178 1035 246 1061 tera
269 1028 398 1060 alterius
427 1040 509 1073 ope,
541 1031 576 1063 in
600 1030 698 1064 rebus
720 1030 926 1075 explorandis
956 1041 992 1063 ac
1021 1031 1273 1075 cognoscendis,
1295 1039 1326 1065 et
1354 1032 1496 1077 indigeat
1526 1039 1558 1066 et
1583 1043 1656 1075 ωας

178 1091 268 1120 tuam
295 1091 440 1130 praestet.

219 1202 355 1234 Sensum
369 1214 428 1246 pro
440 1214 637 1247 organorum
657 1204 807 1236 varietate
822 1204 859 1236 in
877 1210 982 1247 partes
1000 1204 1241 1248 distinguimus,
1288 1205 1364 1238 Illae
1381 1206 1512 1250 quidem
1533 1216 1647 1239 omnes

175 1259 414 1291 conservationi
440 1266 585 1300 nostrae,
609 1262 758 1303 vitaeque
783 1261 963 1293 commodis
985 1261 1197 1305 procurandis
1215 1265 1412 1301 inserviunt3
1435 1265 1522 1294 visus
1543 1270 1650 1294 autem

173 1323 249 1356 prae
269 1315 402 1355 ceteris,
431 1327 506 1347 cum
534 1315 647 1348 habeat
676 1316 809 1348 oculum
836 1317 971 1349 luminis
1000 1318 1180 1361 (stupendi
1214 1325 1348 1350 naturae
1380 1318 1574 1363 miraeum)
1603 1319 1651 1350 ef·

173 1368 301 1402 ficaciae
317 1371 359 1403 ad
383 1374 486 1415 ipsam
511 1373 652 1404 animam
673 1373 819 1405 mirabile
841 1373 1050 1415 vehiculum,
1073 1375 1166 1416 cujus
1195 1386 1258 1416 ope
1285 1386 1393 1406 rerum
1419 1386 1647 1418 corporearum

174 1426 369 1470 imaginibus
397 1435 538 1460 mentem
553 1431 609 1470 *ita
633 1429 793 1470 instruat,
818 1437 854 1461 ut
874 1429 953 1461 haec
978 1430 1018 1461 de
1042 1442 1150 1462 rerum
1176 1431 1304 1462 illarum
1332 1439 1363 1462 et
1386 1431 1497 1463 formis
1522 1439 1553 1464 et
1578 1444 1649 1476 spa.

176 1482 228 1513 tiis
246 1489 279 1514 et
302 1484 445 1516 motibus
473 1484 562 1517 facile
583 1493 775 1528 cognoscat,
799 1486 945 1528 judicet,
971 1488 1197 1526 ratiocinetur3
1220 1488 1308 1519 visus
1332 1488 1431 1530 igitur
1455 1490 1649 1532 cognitionis

173 1545 300 1570 nostrae
321 1542 513 1584 praecipuus
536 1541 609 1574 fons
636 1549 683 1575 est
709 1549 740 1575 et
761 1543 967 1583 uberrimus,
993 1549 1083 1575 tanto
1109 1543 1275 1587 limpidior
1300 1551 1423 1587 quanto
1449 1547 1563 1589 majori
1590 1558 1646 1576 cu·

119 1586 123 1594 ’
171 1603 206 1625 ra
230 1595 352 1627 hauriat
379 1598 496 1629 anima.

215 1706 264 1739 Ab
285 1707 342 1740 illo
364 1712 481 1743 etenim
505 1723 677 1756 corporum
698 1713 849 1758 adspectu
874 1715 1061 1758 intuituque
1087 1725 1158 1745 orsa
1189 1714 1283 1745 Ratio
1311 1723 1387 1743 mox
1415 1711 1515 1743 fertur
1544 1713 1645 1744 subii-

171 1763 235 1795 mis
255 1775 314 1796 sua
339 1766 394 1805 vi,
424 1775 456 1799 et
477 1780 544 1810 quo
576 1769 659 1801 valet
685 1772 856 1810 acumine,
891 1783 941 1803 res
972 1772 1055 1814 ipsas
1080 1777 1273 1814 penetrans,
1307 1779 1492 1812 nexumque
1522 1772 1645 1813 perspi-

170 1820 278 1860 cienS,
300 1822 389 1855 intus
412 1823 475 1855 sibi
499 1824 651 1858 informat
672 1827 847 1870 imaginem
869 1829 960 1860 omni
984 1839 1080 1859 sensu
1102 1827 1198 1870 longe
1227 1828 1436 1869 superiorem·

211 1934 296 1964 Haec
323 1932 422 1976 igitur
450 1936 654 1970 scientiarum
681 1939 743 1971 fuit
772 1943 884 1982 origo:
908 1947 1003 1982 atque
1028 1941 1074 1971 sic
1100 1940 1230 1972 demum
1259 1937 1299 1968 ad
1327 1943 1451 1981 tantum
1478 1936 1641 1981 fastigium

168 1989 300 2032 perduci
330 1997 503 2033 potuerunt
527 1993 659 2036 Physica
688 1995 836 2037 inprimis
862 2001 893 2026 et
921 1993 1142 2033 Astronomia‚
1172 1993 1212 2025 ad
1238 1993 1327 2037 quod
1351 2006 1439 2027 nunc
1462 1994 1639 2038 gaudemus
1685 2040 1688 2043 Ι

167 2053 290 2080 evectas
315 2058 401 2087 esse,
425 2054 456 2080 et
479 2059 556 2081 vero
579 2056 749 2095 stupemus
775 2051 901 2084 merito.

960 2111 992 2142 A
1017 2115 1039 2150 3
1580 2107 1646 2138 Nec
