1930 2448
370 136 597 170 RESPONSIO
617 146 660 168 AD
685 137 996 177 QUAESTIONEM
1017 138 1231 169 MEDICAM.
1504 153 1558 181 103

47 223 155 254 hancce
177 221 299 260 probare
320 221 431 259 (45),
453 228 482 251 et
504 228 582 252 extra
600 230 713 251 omnem
734 220 922 251 dubitationis
942 223 1029 251 aleam
1051 231 1179 260 ponere,
1203 223 1368 253 studebant.
1409 223 1455 253 Ab
1478 226 1557 254 utra-

47 284 105 312 que
127 282 208 312 parte
233 273 369 303 Theoi-iis
393 273 453 302 suis
479 274 564 303 nimis
587 274 692 304 addicti
715 273 806 302 fuisse
824 274 958 302 videntur
979 281 1133 310 auctores,
1158 274 1267 312 quippe
1294 275 1343 311 qui
1364 284 1423 305 non
1443 285 1556 313 semper

45 327 133 356 hasce
157 326 300 355 Theorias
326 326 361 355 ad
387 326 526 356 Naturam
550 325 787 362 composuerint,
809 325 860 354 sed
880 333 939 353 non
966 334 1030 354 raro
1056 335 1159 355 novam
1184 333 1212 355 et
1231 327 1311 356 aliam
1333 328 1474 357 Naturam
1501 329 1558 357 sibi

45 377 227 407 condiderint
247 378 283 406 ad
305 377 485 414 hypotheses
504 385 570 406 suas
600 377 782 413 explicandas
802 383 829 405 et
854 376 1092 412 comprobandas.
1134 377 1223 415 Quod
1247 378 1271 407 si
1290 379 1412 415 probare
1433 381 1555 416 vellem,

47 430 158 458 multos
184 437 345 458 enumerare
360 437 476 466 possem
501 435 651 463 auctores,
673 427 703 457 in
729 427 852 463 quibus,
875 427 930 456 hoc
950 435 1146 464 argumentum
1170 430 1400 467 explicantibus,
1423 431 1557 461 manifes-

45 486 107 509 tum
125 480 280 509 monstrari
302 487 402 517 posset
419 480 542 517 partium
563 478 710 508 studitim:
735 487 823 514 quum
847 486 916 507 vero
937 486 964 508 et
983 479 1068 508 vobis
1091 479 1156 508 Viri
1173 480 1234 510 Cll.
1257 488 1285 509 et
1309 482 1378 510 mihi
1403 485 1557 512 molestum

43 532 196 562 admodum
229 538 257 561 et
284 532 426 569 ingratum
456 531 534 560 foret
562 530 675 566 hocce,
705 538 764 559 non
794 530 906 566 aliquot
938 530 1045 559 dierum
1077 531 1171 568 spatio
1201 533 1429 571 absolvendum,
1460 544 1557 571 opuso

43 583 282 620 conslusionem,
306 592 378 620 quae
400 583 466 612 inde
488 588 565 611 certe
587 588 775 618 sequeretur,
798 591 955 611 memorare
980 588 1087 611 tantum
1111 582 1214 618 liceat,
1239 585 1317 620 quod
1339 585 1473 615 nimirum
1498 596 1558 616 non

43 643 146 671 parurn
169 634 345 670 verisimile,
366 634 424 663 imo
448 640 558 663 certum
583 633 644 662 fere
667 633 726 670 sit,
747 633 872 670 partium
900 633 1067 663 molliorum
1093 635 1262 671 quamdam,
1286 635 1316 665 in
1341 646 1465 674 corpore
1487 648 1558 675 quo-

45 693 102 721 que
125 679 269 721 humano,
299 686 396 714 locum
422 685 526 714 habere
553 685 809 722 regenerationem.
854 685 920 722 „Si
944 685 1018 715 enim
1050 685 1160 721 aliquid
1189 687 1465 717 membranaceum’'
1493 689 1557 727 (ut

46 735 212 773 Morgagnii
233 736 319 774 (46)
338 736 435 766 verbis
451 738 536 774 utar)
559 757 578 772 ,‚
593 745 708 766 osseum
730 736 812 772 fieri,
833 736 953 766 fibrillas
970 736 1080 772 aliquas
1100 745 1193 766 crasse
1213 737 1303 767 factas
1325 742 1473 776 magisque
1489 741 1560 769 den·

47 806 66 823 „
87 793 162 816 satas
194 787 347 824 ligamenta
376 788 531 823 aemulari,
559 788 787 818 increscentibus
810 789 941 826 partibus
964 796 1030 817 vasa
1056 797 1175 825 quoque
1200 798 1362 819 excrescere
1389 798 1474 827 atque
1500 800 1559 820 ma-

45 858 64 876 „
83 838 214 868 nifestari
237 839 447 875 concedamus,
476 840 563 869 ullam
585 846 678 869 tamen
700 848 805 870 novam
828 849 950 878 prorsus
976 840 1108 876 corporis
1131 847 1262 877 partem,
1295 851 1367 878 quae
1389 843 1557 879 praesertim

43 909 63 927 κ
85 890 205 927 eleganti
224 890 326 921 intima
347 892 492 921 structura
515 891 571 927 sit,
593 891 671 929 gigni
695 901 783 929 posse
803 892 964 922 dubitemus
975 891 1013 921 ‘3⁹'

80 941 227 979 Quaenam
250 949 345 972 autem
374 949 417 972 est
442 943 564 980 partium
584 943 684 973 harum
706 951 933 981 regeneratarum
954 934 1091 973 indoles?
1120 943 1169 972 En
1196 944 1311 973 alteram
1331 945 1554 982 quaestionem,

43 992 79 1022 ad
102 1002 185 1029 quam
209 994 331 1024 verbulo
360 994 536 1031 respondere
561 993 657 1025 liceat,

81 1044 113 1073 Si
139 1045 252 1082 omnia,
274 1054 347 1082 quae
371 1054 405 1074 ex
432 1054 536 1082 magno
563 1052 714 1075 auctorum
740 1053 859 1075 numero
874 1065 884 1081 ,
911 1045 989 1074 hunc
1015 1045 1045 1077 in
1071 1044 1157 1074 finem
1181 1047 1394 1081 perlectorum,
1423 1047 1557 1076 didicisse

42 1094 113 1124 mihi
134 1095 257 1133 videor,
278 1096 308 1126 in
333 1105 422 1125 unum
445 1096 632 1133 contraham,
655 1096 704 1126 illa
726 1096 798 1125 mihi
823 1096 943 1126 maxime
972 1096 1134 1133 probabilis
1160 1096 1275 1126 videtur
1296 1099 1456 1134 sententia,
1480 1100 1560 1135 quod

41 1145 73 1175 in
104 1145 281 1176 laesionibus
305 1147 430 1184 partium
456 1148 622 1177 molliorum
647 1147 898 1185 simplicioribus,
926 1157 1031 1177 novam
1053 1157 1262 1184 nonnunquam
1287 1149 1398 1179 Natura
1422 1160 1558 1187 generare

42 1196 140 1234 possit
166 1197 377 1236 substantiam,
403 1209 475 1236 quae
501 1200 537 1229 ab
557 1199 626 1235 illa,
647 1199 677 1228 in
704 1200 787 1238 cujus
812 1201 909 1228 locum
932 1199 1081 1235 succedit,
1098 1200 1222 1229 discerni
1243 1208 1387 1237 nequeat,
1417 1203 1468 1231 sed
1489 1211 1565 1232 con-¹

40 1254 104 1284 tra,
126 1248 151 1278 si
174 1258 274 1279 omnes
295 1251 445 1287 qualitates
467 1251 555 1280 simul
577 1257 759 1287 spectemus,
781 1253 864 1287 plane
887 1259 953 1280 cum
978 1251 1028 1280 illa
1052 1252 1224 1289 conveniat,
1252 1254 1330 1288 quod
1353 1260 1446 1282 autem
1472 1254 1555 1283 raris·

39 1298 111 1328 sime
138 1300 195 1329 hoc
214 1301 344 1331 othneat
369 1304 487 1340 locum3
511 1309 540 1332 et
563 1309 666 1332 contra
692 1309 872 1339 regeneratae
893 1308 989 1338 partes
1013 1303 1181 1339 molliores,
1212 1305 1291 1340 quod
1314 1305 1349 1333 ad
1373 1304 1508 1334 fabricam
1529 1313 1557 1335 et

38 1349 226 1387 functiones,
247 1361 263 1382 a
285 1359 362 1383 statu
384 1354 507 1384 normali
530 1356 702 1391 plerumque
723 1353 855 1382 recedere
878 1354 1007 1388 soleant,
1031 1354 1160 1389 quamvis
1187 1361 1281 1385 tamen
1304 1358 1415 1393 egregie
1432 1357 1557 1393 partium

41 1401 278 1439 redintegrationi
303 1404 473 1435 inserviant.
516 1406 669 1435 Credimus
691 1405 789 1441 itaque
811 1413 875 1433 raro
899 1404 1051 1434 admodum
1073 1408 1316 1443 regenerationem
1339 1416 1437 1437 veram
1461 1409 1557 1437 locum

40 1452 167 1490 habere,
188 1454 239 1483 sed
254 1455 394 1485 Naturam
416 1458 607 1494 plerumque,
630 1466 683 1495 per
704 1458 855 1494 analogum
875 1456 1016 1493 quoddam
1041 1466 1170 1495 corpus,
1197 1460 1321 1496 partium
1347 1458 1557 1497 deperditarum

40 1505 138 1534 Iocum
158 1505 321 1536 restituere.
608 1534 613 1538 .

78 1557 138 1586 Sed
160 1566 257 1587 nonne
284 1558 419 1596 Natura,
442 1568 513 1596 quae
536 1560 705 1590 animalibus
731 1559 996 1597 imperfectioribus
1023 1561 1266 1597 regenerationem
1293 1573 1413 1600 veram,
1447 1564 1557 1593 homini

40 1615 110 1637 vero
128 1609 380 1645 reproductionem
401 1617 510 1648 tantum
535 1615 690 1652 improprie
707 1612 814 1641 dictam
832 1619 996 1649 competere
1015 1613 1126 1648 voluit,
1148 1623 1265 1650 nonne,
1287 1614 1402 1651 inquam
1415 1637 1423 1651 ,
1445 1616 1557 1644 Natura

40 1657 108 1687 haec
130 1659 200 1688 dura
227 1666 255 1689 et
281 1669 380 1690 severa
410 1661 440 1691 in
472 1663 616 1694 hominem
647 1664 739 1694 fuisse
764 1663 904 1693 videtur?
936 1665 1051 1694 minime
1083 1665 1210 1702 gentium
1236 1673 1333 1703 certe3
1368 1668 1461 1695 elucet
1482 1668 1557 1696 enim

40 1709 108 1738 hinc
132 1715 294 1739 structurae
317 1719 345 1741 et
362 1715 549 1744 oeconomiae
567 1716 708 1745 humanae
734 1715 926 1753 praestantia,
955 1722 1042 1752 atque
1070 1716 1197 1745 omnium
1227 1718 1289 1754 ejus
1315 1717 1439 1754 partium
1465 1718 1560 1755 digni-

39 1766 107 1796 tas,
130 1761 188 1797 qua
205 1770 264 1791 non
290 1768 399 1793 tantum
424 1766 555 1795 animalia
579 1766 808 1803 imperfectiora,
830 1767 881 1795 sed
904 1772 933 1795 et
951 1766 1006 1795 sibi
1024 1768 1165 1803 analoga,
1193 1769 1280 1804 longe
1305 1776 1421 1805 superat
1445 1770 1554 1806 homo;

41 1811 172 1841 <tomenti
188 1808 284 1849 itaque
299 1813 389 1844 simus
405 1815 518 1847 Natura
528 1838 539 1855 ,
553 1827 613 1847 non
630 1827 742 1855 semper
748 1817 895 1855 jucunde,
911 1819 1083 1854 plerumque
1103 1825 1196 1848 autem
1215 1820 1269 1848 cito
1285 1826 1312 1848 et
1328 1826 1389 1853 tuto
1400 1842 1409 1856 ,
1426 1828 1556 1851 sanante.

81 1862 229 1902 Quaenam
261 1871 356 1895 autem
386 1874 433 1897 est
460 1868 554 1906 ratio,
584 1869 663 1905 quod
692 1869 723 1899 in
753 1869 923 1899 animalibus
954 1869 1220 1906 imperfectioribus
1250 1878 1353 1908 partes*
1379 1880 1556 1909 regeneratae

1475 1933 1558 1953 amis·

77 1996 158 2032 (45)
177 1999 226 2026 Si'c
236 2007 264 2027 v.
279 2009 302 2027 c.
321 2008 472 2034 provocant
487 2003 636 2030 aclHil'clani
652 2003 796 2031 ohservat.
814 2003 971 2037 Chirurgic.
984 2005 1062 2032 Cent.
1072 2005 1106 2031 V.
1124 2005 1191 2032 Obs,
1201 2004 1314 2031 LXXVI
1332 2013 1406 2039 seqq.
1424 2013 1483 2039 pag.
1493 2008 1559 2040 468.-

43 2049 71 2069 et
87 2043 117 2069 ad
135 2045 350 2074 observationem
366 2056 379 2074 a
398 2049 441 2076 Fr.
459 2051 608 2077 I-Iofmanno
629 2049 806 2083 descriptam,
826 2051 852 2076 in
870 2051 946 2079 Diss.
959 2051 997 2077 de
1011 2052 1146 2086 Sphacelo
1162 2052 1284 2079 feliciter-
1301 2059 1420 2085 curato,
1434 2060 1499 2086 quae
1517 2054 1563 2078 iu·-

40 2091 147 2116 venitur
165 2092 191 2118 in
208 2094 324 2126 Operum
344 2097 460 2122 omnium
478 2097 557 2123 Tom.
571 2097 606 2124 121
626 2105 684 2130 pag.
699 2104 759 2130 527.

74 2134 156 2172 (46)
175 2139 238 2167 vid.
256 2140 404 2176 Morgagnt
418 2143 449 2169 ad
469 2142 606 2169 valsalvae
627 2144 689 2178 Epis
695 2150 714 2171 t.
729 2150 755 2177 3.
772 2150 831 2177 pag.
847 2150 893 2177 13*
