1930 2448
253 104 291 130 40
690 92 734 122 G,
813 90 1341 122 RUITENSCHILD

256 176 331 205 inter
350 184 380 204 se
399 183 610 211 comparemus,
652 175 793 212 Analogia
818 174 965 204 doctrinae
990 182 1086 202 eorum
1117 179 1226 202 tantum
1251 175 1382 203 locorum
1403 174 1619 212 intelligentiam
1640 178 1776 216 adjuvat,

257 230 286 259 in
305 230 410 266 quibus
435 230 469 258 de
490 230 574 258 rebus
595 229 699 259 divinis
722 229 834 266 agitur:
864 228 957 265 qualia
987 233 1055 256 sunt
1082 234 1110 254 v.
1133 234 1160 254 c.
1191 224 1269 254 Gen.
1288 233 1345 262 50:
1367 234 1414 255 α’).
1458 227 1535 256 Hos.
1558 229 1593 257 6:
1612 231 1643 258 6.
1666 229 1774 259 Matth.

257 290 312 318 24:
340 289 385 316 15.
428 281 534 316 Absit,
557 287 588 308 ut
616 290 666 316 ea,
690 289 760 316 quae
785 281 915 310 homines
937 277 1084 315 religionis
1102 285 1184 305 verae
1208 276 1292 305 inscii
1312 278 1359 306 vel
1376 277 1499 314 ejusdem
1521 279 1672 308 adversarii
1694 280 1774 308 libris

255 332 348 361 Sacris
376 331 498 361 subinde
523 331 705 360 affirmavisse
735 332 894 368 leguntur,
920 338 954 358 ex
974 327 1115 364 Analogia
1142 327 1287 356 doctrinae
1315 328 1458 357 illustrare
1486 338 1634 358 conemur.
1683 330 1776 359 Simili

256 391 330 418 opus
352 389 395 411 est
419 383 551 412 cautione
579 382 607 411 in
635 382 668 411 iis
690 381 932 418 interpretandis,
958 388 1031 416 quae
1055 378 1190 415 discipuli
1207 379 1299 417 JeSti,
1324 380 1390 408 dum
1409 379 1550 416 Magister
1570 380 1600 409 in
1627 380 1672 409 his
1693 387 1776 409 terris

254 434 443 470 versabatur,
478 443 693 470 nonnumquam
720 433 845 470 professi
872 439 951 462 sunt.

293 485 349 513 Hic
378 494 446 513 vero
472 485 549 513 aliud
572 486 672 513 addere
699 485 783 513 liceat
807 483 945 512 monitum
970 490 1035 511 cum
1054 488 1206 518 praecepto
1228 481 1278 510 illo
1300 488 1375 510 arcte
1392 491 1565 512 connexum.
1608 483 1774 520 Nimirum,

256 542 287 563 ut
305 536 460 564 cavendum
481 543 542 570 est,
563 545 598 564 ne
619 533 880 564 humanaedivinis
893 533 1070 562 illustremus
1084 553 1094 568 ,
1112 539 1198 568 atque
1219 532 1306 569 igitur
1318 533 1386 561 haec
1406 534 1502 562 eodem
1518 536 1606 569 loco,
1628 544 1686 571 quo
1704 535 1774 571 illa,

255 585 408 615 habeamus
422 608 432 621 ,
454 586 491 614 ita
508 593 535 615 et
560 595 624 614 cum
645 594 790 614 versamur
807 585 835 614 in
854 584 947 621 locis,
967 585 996 614 in
1017 584 1122 621 quibus
1140 583 1248 619 aliquid
1264 584 1298 612 ad
1320 584 1477 613 doctrinam
1494 585 1631 614 divinitus
1649 586 1774 622 patefac-

255 646 311 668 tam
327 638 472 674 pertinens
485 659 495 673 ,
517 637 650 666 traditum
670 643 731 673 est,
760 645 819 665 non
840 643 945 664 temere
964 638 998 665 ad
1017 635 1260 672 comparationem
1282 636 1439 665 adhibenda
1464 643 1552 671 sunt,
1576 646 1647 673 quae
1671 638 1773 667 similia

257 689 370 725 quidem
393 689 546 724 videntur,
577 698 629 717 nec
651 695 743 717 tamen
768 695 846 717 sunt.
888 688 977 727 Quod
1000 687 1107 717 factum
1131 693 1175 715 est
1192 687 1226 715 ab
1249 686 1304 722 iis,
1327 689 1377 722 qui
1395 688 1490 715 locum
1512 687 1560 724 Jo.
1586 696 1618 716 1:
1646 690 1699 723 18,
1720 689 1771 717 ubi

257 740 394 769 Servator
414 741 545 776 loquitur
558 740 592 768 de
607 741 669 768 Deo
690 739 781 768 oculis
805 740 953 775 corporeis
968 748 1028 769 non
1046 738 1274 774 conspiciendo,
1296 737 1438 766 illustrare
1459 737 1553 767 conati
1570 745 1638 767 sunt
1658 747 1692 767 ex
1715 739 1774 776 iis,

258 801 329 827 quae
353 792 503 820 traduntur
526 791 554 819 in
579 792 645 819 loco
674 791 782 819 Matth.
805 798 841 827 5:
874 793 911 826 8,
944 790 1078 826 aliisque.
1119 789 1166 818 Illi
1191 797 1315 825 nempe,
1348 788 1503 818 verborum
1529 789 1714 819 similitudine
1745 790 1776 820 in

257 852 379 872 errorem
405 841 533 877 inducti,
556 850 614 871 non
634 842 914 877 animadverterunt,
936 841 965 870 in
989 843 1056 870 loco
1081 839 1191 869 Matth.
1211 848 1249 878 5:
1274 842 1303 869 8.
1325 840 1462 877 phrasin,
1483 840 1576 870 Deum
1603 840 1721 878 videre,
1742 849 1776 872 ut

255 901 284 923 et
309 893 337 922 in
364 893 427 922 aliis
441 913 451 928 ,
472 893 582 930 tropice
603 893 694 929 accipi
719 893 753 922 de
780 893 933 930 singularis
953 892 1061 923 favoris
1079 890 1170 920 divini
1194 899 1261 920 usu.

295 945 380 973 IIaud
405 944 498 973 minus
524 953 592 973 vero
617 945 772 973 cavendum
798 951 862 980 est,
882 953 918 973 ne
945 943 974 973 in
996 942 1087 977 loeis,
1108 941 1159 971 ubi
1184 942 1306 971 diversis
1330 941 1426 970 verbis
1454 942 1549 970 eadem
1580 951 1624 971 res
1649 944 1770 980 exponi-

254 1003 302 1025 tur
315 1016 325 1031 ,
346 1002 498 1032 propterea
520 1004 534 1023 a
559 995 773 1031 comparatione
800 995 1013 1030 abstineamus3
1037 993 1116 1030 quod
1134 992 1241 1022 factum
1265 999 1308 1022 est
1323 993 1358 1021 ab
1382 991 1442 1028 iis,
1466 992 1516 1028 qui
1533 993 1629 1022 locum
1650 994 1698 1024 Ps.
1711 1001 1771 1031 51:

260 1056 290 1084 7.
322 1047 465 1075 illustrare
488 1047 644 1075 noluerunt
665 1054 698 1074 ex
724 1046 760 1075 iis
773 1066 783 1082 ,
813 1046 843 1076 in
870 1045 995 1086 quibus,
1020 1044 1054 1072 de
1072 1042 1188 1073 humani
1208 1043 1313 1081 ingenii
1329 1043 1519 1082 perversitate
1539 1043 1602 1073 aliIs
1619 1044 1774 1081 phrasibus

255 1107 350 1127 sermo
372 1104 433 1132 est,
455 1099 544 1126 veluti
571 1097 650 1126 Gen.
674 1099 709 1126 8:
731 1104 782 1126 21.
1758 1124 1761 1127 .

293 1150 333 1178 ΙΙ.
363 1148 539 1178 Adminiculi
562 1147 656 1179 nostri
679 1156 749 1178 usus
779 1156 839 1180 non
863 1147 933 1178 adeo
957 1147 992 1176 ad
1019 1148 1082 1176 loca
1107 1145 1258 1183 perspicua
1278 1145 1421 1182 pertinet,
1447 1154 1532 1181 quam
1554 1146 1590 1175 ad
1614 1155 1666 1183 ea,
1697 1156 1770 1185 quae

255 1203 350 1239 aliqua
376 1201 550 1231 obscuritate
576 1201 718 1231 laborant.

293 1254 461 1290 Priusquam
483 1253 616 1290 pluribus
644 1253 700 1281 hoc
728 1253 761 1282 de
788 1258 940 1289 praecepto
959 1259 1094 1288 agamus,
1114 1250 1337 1281 animadvertere
1357 1249 1463 1285 liceat,
1486 1254 1555 1285 post
1577 1248 1653 1278 dicta
1672 1249 1710 1280 C.
1731 1250 1771 1281 11.

254 1316 315 1337 non
337 1315 412 1342 opus
436 1314 498 1334 esse
522 1304 651 1333 refellere
675 1313 773 1333 eorum
804 1305 989 1341 opinionem,
1020 1304 1071 1340 qui
1102 1304 1197 1333 omnia
1222 1311 1312 1339 aeque
1333 1301 1486 1338 perspicue
1500 1300 1530 1330 in
1549 1300 1660 1329 Codice
1679 1301 1769 1330 Sacro

255 1359 357 1388 tradita
382 1366 463 1392 esse,
485 1356 659 1386 existimant.
701 1356 767 1385 Etsi
782 1355 945 1392 Scriptores
963 1355 1062 1391 Sacri,
1087 1355 1117 1384 in
1140 1354 1274 1383 tradenda
1298 1353 1457 1390 religione,
1477 1351 1627 1389 providam
1652 1352 1707 1381 Dei
1723 1361 1774 1381 cu-

256 1419 314 1439 ram
339 1409 477 1446 singulari
499 1408 585 1436 modo
609 1407 718 1444 experti
742 1413 832 1443 sunt,
856 1406 999 1435 interdum
1022 1413 1116 1435 tamen
1139 1406 1234 1435 minus
1259 1405 1394 1434 distincte
1413 1410 1441 1432 et
1460 1403 1585 1432 dilucide
1603 1403 1775 1433 sententiam

256 1461 404 1489 dixerunt:
428 1459 503 1488 unde
520 1458 626 1488 sactum
647 1465 709 1493 est,
732 1464 764 1486 ut
783 1463 935 1485 occurrant
954 1456 1095 1485 dictiones
1110 1457 1264 1486 nonnullae
1281 1455 1360 1484 dubii
1380 1462 1500 1490 sensus,
1522 1459 1549 1482 et
1570 1453 1664 1483 minus
1680 1461 1775 1483 certae

257 1510 501 1548 interpretationis
512 1531 522 1545 ‚
540 1509 597 1538 imo
618 1516 646 1538 et
656 1508 794 1546 ejusmodi
806 1529 816 1544 ,
829 1516 900 1544 quae
917 1507 980 1536 aliis
994 1516 1152 1544 repugnare
1169 1507 1329 1536 videantur.
1370 1506 1419 1535 Ad
1440 1505 1490 1534 has
1510 1505 1597 1542 igitur
1613 1505 1774 1543 AnalogIae

257 1572 328 1591 usus
344 1562 486 1598 pertinet,
508 1560 663 1596 Analogiae
684 1559 798 1594 inquam
811 1579 821 1594 ,
844 1567 916 1594 quae
932 1567 948 1586 e
967 1558 1040 1586 locis
1059 1557 1219 1594 perspicuis
1236 1564 1387 1592 certaeque
1404 1555 1648 1592 interpretationis
1670 1566 1731 1585 enm
1745 1558 1774 1587 in

257 1615 342 1643 finem
368 1613 512 1647 ducatur,
542 1618 574 1639 ut
600 1609 820 1639 obscurioribus
845 1610 937 1636 lucem
967 1608 1109 1643 praebeat.
1152 1609 1186 1637 In
1210 1608 1284 1637 locis
1308 1607 1490 1644 perspicuis,
1521 1614 1644 1642 quorum
1671 1616 1774 1637 sensus

256 1663 457 1694 Grammaticis
475 1661 634 1690 rationibus
662 1660 746 1688 facile
765 1660 935 1694 invenitur,
965 1658 1134 1694 Analogiam
1156 1658 1301 1687 doctrinae
1325 1658 1480 1693 adhibere,
1508 1664 1551 1686 est
1571 1656 1773 1688 imbecilliores

258 1717 383 1745 rationes
402 1712 567 1750 praeferre,
598 1711 647 1739 ubi
666 1711 805 1740 firmiores
828 1716 994 1748 suppetant.
1035 1708 1108 1742 vid,
1125 1710 1199 1738 dicta
1220 1709 1258 1738 C.
1277 1716 1305 1738 1.
1334 1709 1362 1745 S.
1388 1718 1414 1738 1.
1437 1709 1513 1738 Obs.
1532 1717 1559 1738 1.
1600 1708 1666 1736 Hoc
1682 1716 1776 1738 autem

259 1775 342 1803 quam
372 1764 526 1794 absurdum
550 1762 607 1798 sit,
631 1762 693 1799 ipsa
715 1762 800 1791 docet
828 1763 868 1792 rei
891 1768 1011 1795 natura,
1035 1768 1117 1796 quarn
1144 1760 1364 1797 periculosum,
1394 1759 1521 1788 omnium
1546 1766 1707 1796 temporum
1732 1760 1778 1790 hi-

258 1818 348 1846 storia
374 1816 508 1852 Exegeos
527 1813 707 1842 manifestum
735 1813 837 1843 reddit.
877 1813 1019 1850 Exempla
1049 1813 1339 1849 interpretationum,
1369 1813 1514 1841 allatarum
1537 1819 1603 1847 pag.
1627 1813 1686 1846 84,
1718 1813 1775 1847 85⁵,

260 1871 308 1898 86.
337 1868 510 1900 ostendunt,
540 1865 746 1895 Grammaticas
783 1865 931 1902 rationes,
965 1865 1015 1893 ubi
1046 1865 1216 1899 sufficiunt,
1246 1862 1426 1900 Dogmaticis
1465 1870 1528 1890 esse
1562 1861 1774 1898 praeferendas.

260 1920 401 1955 Exempla
422 1920 575 1952 locorum,
608 1916 638 1946 in
665 1917 771 1952 quibus
796 1916 937 1953 Analogia
960 1917 1108 1946 doctrinae
1132 1915 1289 1945 adhibenda
1316 1921 1381 1949 est,
1411 1919 1480 1942 sunt
1505 1922 1536 1942 v.
1558 1922 1585 1942 c.
1614 1914 1663 1943 Ps.
1685 1923 1722 1943 2:
1747 1920 1776 1951 7.

257 1972 304 2009 Jo.
330 1980 363 2007 3:
388 1978 416 2006 5.
448 1978 465 1996 α
488 1970 559 1997 Cor.
583 1976 617 2004 5:
644 1976 688 2004 17.
719 1967 795 1995 Luc.
822 1975 880 2003 17:
901 1975 949 1998 21.
980 1977 998 1997 2
1017 1967 1081 1996 Pet.
1106 1967 1139 2003 3:
1164 1969 1194 1995 8.
1225 1965 1288 1994 Tit.
1311 1974 1347 1995 2:
1373 1974 1420 2001 14.
1451 1964 1519 1993 Gal.
1540 1965 1577 1993 6:
1601 1972 1648 2000 15.
1667 1965 1776 1994 Matth.

263 2031 318 2053 12:
343 2032 389 2058 32·
432 2020 528 2049 Marc.
554 2027 608 2048 10:
633 2021 684 2050 18:
730 2027 797 2056 19.;
822 2019 856 2048 de
881 2019 987 2055 quibus
1016 2027 1082 2049 cum
1108 2025 1210 2055 postea
1236 2017 1332 2046 sutura
1355 2017 1392 2046 sit
1425 2017 1525 2054 agendi
1557 2017 1779 2054 opportunitas,

263 2082 340 2104 nunc
367 2072 408 2102 nil
435 2070 576 2101 addimus.

1703 2118 1781 2150 Ilaec

1676 2199 1698 2220 0
