1930 2448
306 131 632 163 COMMENTATIO
659 139 702 161 AD
730 128 1039 170 QUAESTIONEM
1068 130 1281 161 MEDICAM.
1521 139 1562 170 55¹
1607 143 1610 145 ·

41 218 92 256 qui
110 217 217 248 nutriat
239 225 304 246 ossa
323 217 453 253 integra,
478 215 527 251 qui
543 224 593 252 per
617 223 715 243 eorum
733 214 818 243 fibras
840 220 868 242 et
895 222 961 242 vasa
977 214 1141 243 transsudet
1158 213 1336 251 gelatinosus
1352 220 1550 251 atquepostea

48 271 172 307 spissior
196 269 308 303 factus,
331 270 360 297 in
383 268 472 304 ipsam
499 266 603 296 sensim
629 266 709 294 abeat
732 264 918 294 substantiam
944 274 1053 293 osseam
1076 265 1176 302 (31).

79 324 158 351 Inter
182 327 331 354 auctores,
355 319 405 355 qui
426 327 491 347 cum
518 318 602 346 rubia
625 317 783 346 tinctorum
807 316 999 352 experimenta
1019 316 1227 352 Instituerunt,
1251 317 1450 346 memorandus
1477 324 1552 352 quo-

41 382 98 409 que
114 378 158 402 est
178 372 227 401 Cl.
252 371 380 400 Thomas
402 370 562 399 Schwenke
582 370 695 406 (32),
718 368 790 404 qui,
810 367 841 396 in
864 367 1007 396 cuniculis
1034 377 1065 396 ea
1085 368 1238 397 instituens
1252 388 1262 404 ,
1285 368 1414 403 invenit,
1442 367 1554 405 perios-

39 431 116 453 teum
144 430 258 459 semper
284 430 348 451 cum
373 430 440 451 osse
463 421 611 458 diffringi,
637 422 740 450 callum
762 429 833 450 vero
859 419 1017 456 exspectari
1043 429 1102 449 non
1128 429 1238 457 posse,
1266 427 1416 456 antequam
1441 419 1554 456 perios·

40 482 119 505 teum
146 474 287 503 fracturae
308 474 402 502 denuo
431 473 667 509 superinductum
691 473 741 502 sit.
784 472 923 510 Quamvis
944 478 1038 500 autem
1057 472 1113 500 hoc
1137 471 1176 500 ita
1196 472 1259 507 sit,
1281 471 1421 500 fracturae
1442 471 1551 500 ossium

39 534 156 562 tamen,
187 534 308 562 quorum
342 532 464 553 extrema
489 523 583 552 debite
608 524 664 552 sibi
694 531 905 561 opponuntur,
939 525 1105 553 coalescunt
1128 523 1249 559 iterum,
1280 523 1341 552 sive
1374 522 1555 552 intermediae

40 588 140 609 omnes
167 585 260 615 partes
282 577 400 612 adsint,
433 576 493 605 sive
519 576 631 605 illarum
658 576 754 612 aliqua
781 577 873 605 ablata
894 575 951 611 sit,
982 575 1043 613 sive
1069 575 1165 611 ipsum
1193 574 1274 603 etiam
1299 574 1476 611 periosteum
1508 575 1557 603 de-

40 631 91 660 sit.
132 630 165 658 Si
181 629 315 659 nimirum
341 628 415 658 ossis
433 628 528 665 portio
547 627 683 665 perierit,
705 630 752 658 'ex
775 629 902 666 margine
924 629 1060 665 periostei
1082 629 1170 658 fibrae
1193 637 1292 657 osseae
1314 635 1440 664 exeunt,
1461 628 1555 664 primo

41 683 209 718 molliores,
238 681 340 711 deinde
365 681 501 718 paulatim
528 681 765 718 indurescentes,
795 681 893 710 eodem
915 681 1021 717 modo,
1057 690 1112 716 ac,
1145 689 1228 709 carne
1254 680 1367 716 ablata,
1397 680 1556 717 adjacentes

39 742 136 772 partes
165 742 279 763 carneas
307 733 392 762 fibras
418 733 564 764 emittunt.
602 732 634 761 Si
662 742 731 763 vero
757 734 934 771 periosteum
960 732 1097 769 deficiat,
1125 733 1203 762 aliud
1227 741 1261 761 ex
1286 733 1347 769 eJus
1380 729 1556 767 marginibus

43 787 207 822 enascitur,
227 787 284 815 hoc
314 785 388 814 enim
413 785 585 821 deficiente,
616 786 706 814 callus
734 786 890 823 exspectari
914 785 1026 821 nequit.
1068 785 1154 814 Unde
1172 783 1322 813 concludit
1340 783 1475 817 Auctor,
1505 789 1557 817 pe·

31 838 180 867 -riosteum
210 846 273 866 esse
303 846 442 874 organum
467 837 562 872 illud,
593 837 668 866 unde
690 844 843 866 nascantur
868 837 956 865 fibrae
983 845 1108 872 osseae,
1139 842 1167 864 et
1193 835 1239 864 cui
1263 835 1432 863 adhaereant
1453 832 1469 870 (
1482 841 1517 869 33
1529 833 1557 868 ).

79 889 134 919 Uti
157 890 255 926 plures
276 888 346 924 alii,
368 888 410 917 sic
431 885 550 924 quoque
570 888 619 917 Cl.
641 889 807 918 Bordenave
824 888 973 924 Naturae,
997 888 1032 918 inv
1054 887 1229 924 perficiendo
1254 887 1347 921 callo,
1383 893 1457 921 opus
1483 884 1558 913 haud

42 941 140 978 inepte
166 949 232 970 curn
258 941 331 976 illo,
355 949 438 976 quem
459 940 569 969 Natura
588 940 618 969 in
639 941 791 969 vulnerum
814 941 961 970 sanatione
983 940 1131 976 instituit,
1159 938 1261 976 agendi
1289 945 1317 966 et
1338 937 1474 974 operandi
1497 946 1558 966 mo-

39 994 78 1023 do
89 993 246 1030 comparari
261 1002 369 1030 posse,
392 993 563 1023 monstravit
579 993 609 1023 in
625 993 757 1029 duobus,
771 994 827 1022 hoc
850 994 885 1022 de
896 999 1064 1029 argumento
1077 989 1214 1025 scriptis,
1235 988 1447 1018 commentariis
1470 988 1557 1025 (34),

41 1045 73 1074 in
97 1045 204 1081 quibus
229 1045 315 1074 dubia
343 1046 478 1081 quaedam
507 1051 608 1073 contra
629 1045 677 1073 Du
701 1043 826 1073 Hamelii
850 1045 884 1073 de
904 1045 978 1073 callo
1004 1042 1173 1072 sententiam
1195 1039 1371 1077 proposuit,
1402 1046 1488 1075 atque
1507 1048 1556 1068 ve-

38 1103 158 1132 terum,
181 1104 301 1124 succum
330 1104 446 1125 osseum
472 1094 700 1131 assumentium,
723 1101 751 1123 et
769 1094 834 1123 inde
858 1094 925 1123 calli
950 1094 1067 1132 genesin
1086 1092 1312 1131 explicantium,
1342 1098 1437 1129 partes
1453 1090 1553 1120 defen.

42 1149 110 1178 dere
138 1153 165 1176 et
188 1145 350 1176 accuratius
379 1145 574 1182 subtiliusque
600 1147 741 1183 explicare
767 1153 889 1177 conatus
918 1153 961 1176 est
980 1145 1086 1184 (35).
1443 1150 1449 1151 ’

36 1215 41 1221 ¹
78 1226 109 1263 §-
132 1226 162 1256 6.
203 1224 373 1262 Fougeroux
393 1226 478 1261 1760.
519 1223 648 1261 Mmgan
673 1226 759 1262 1763.
801 1224 838 1254 F.
863 1225 996 1253 Martini
1015 1225 1100 1262 1764.
1137 1222 1173 1261 J.
1195 1221 1231 1252 B.
1252 1222 1412 1260 Morgagni
1434 1222 1519 1259 1764.

247 1275 288 1305 A.
304 1276 411 1304 Haller
431 1275 518 1313 1766.
558 1276 602 1305 D.
626 1276 673 1305 W.
696 1276 804 1305 Triller
825 1277 909 1313 1766.
951 1275 993 1304 E.
1014 1274 1052 1304 P.
1075 1274 1258 1312 Swagernmn
1279 1276 1367 1310 1767.

34 1367 40 1382 ι
78 1355 131 1384 Cl.
158 1355 207 1384 Du
229 1353 355 1383 Hamelii
389 1353 424 1382 de
459 1353 569 1382 ossium
598 1354 672 1383 callo
697 1353 889 1390 sententiam,
920 1362 1004 1389 quam
1034 1352 1067 1381 ab
1094 1351 1157 1381 aliis
1185 1351 1401 1388 impugnatam,
1431 1350 1465 1379 ab
1498 1350 1560 1380 aliis

0 1427 5 1431 .
31 1406 256 1443 *comprobatam
283 1405 467 1442 audivimus,
489 1413 589 1435 contra
615 1407 702 1435 dubia
731 1407 888 1442 quaedam,
915 1414 931 1433 a
960 1404 1030 1433 viris
1053 1404 1224 1440 quibusdam
1248 1401 1425 1432 Clarissimis
1448 1411 1558 1439 propo·

41 1457 114 1492 sita,
137 1466 190 1494 pro
219 1463 324 1494 patruo
342 1465 397 1486 suo
417 1456 623 1486 defendendam
646 1458 776 1495 suscepit
798 1458 843 1487 Ill.
866 1457 1042 1493 Fougeroux
1063 1456 1079 1493 (
1092 1457 1173 1494 56),
1203 1456 1286 1493 cujus
1305 1461 1469 1492 argumenta
1495 1455 1560 1483 bre-

39 1508 137 1538 vitatis
163 1517 248 1538 causa
273 1508 386 1537 mittere
399 1502 561 1537 debemus.

1499 1558 1568 1587 Cal-

0 1653 1 1656 *
44 1676 48 1677 ⁷
73 1641 151 1677 (31)
170 1642 258 1670 Conff.
276 1642 426 1670 Comment.
443 1642 475 1668 de
494 1643 568 1670 Reb.
583 1644 608 1669 in
628 1643 671 1669 Sc.
686 1643 748 1669 Nat.
765 1648 792 1668 et
809 1642 914 1669 Medic.
931 1643 1023 1674 gestis.
1041 1642 1148 1668 VoL-V.
1166 1646 1381 1675 pag.530-534.

0 1700 4 1724 ἰ
26 1696 30 1701 ·
73 1688 154 1724 (32)
172 1690 235 1717 Vid.
259 1689 493 1722 Verhandelingen
509 1694 674 1722 uitgegeven
696 1690 764 1716 doo'r
784 1689 816 1716 de
843 1689 1022 1715 Holiaudsche
1043 1688 1233 1721 Maatschappij
1260 1687 1307 1713 der
1324 1687 1559 1720 Wetenschappen

0 1742 5 1779 ξ
42 1742 68 1762 te
88 1737 217 1763 Haarlem.
235 1736 336 1763 IDeei.
354 1743 414 1769 pag.
425 1743 537 1770 39-55.
554 1738 618 1763 edit.
630 1737 693 1762 adae
713 1742 785 1769 1755·
838 1737 841 1739 ’

1 1775 30 1818 5³
76 1782 157 1816 (33)
178 1782 268 1810 Conff.
287 1784 438 1810 Commenr.
455 1782 488 1808 de
504 1783 599 1809 Rebus
617 1784 641 1808 in
660 1783 707 1809 Sc.
724 1783 786 1808 Nat.
805 1788 832 1807 et
849 1781 956 1809 Medic.
975 1782 1068 1813 gestis.
1087 1780 1149 1806 Vol.
1161 1779 1209 1806 VI.
1227 1787 1444 1813 pag-309-312·

0 1826 4 1856 .'
23 1833 31 1845 ⁸
76 1828 156 1864 (34)
175 1828 236 1856 vid.
254 1828 329 1856 Essai
348 1837 393 1855 sur
407 1831 433 1854 ie
452 1829 638 1855 Mechanisme
653 1829 685 1855 de
703 1830 726 1854 la
741 1830 843 1854 Nature
862 1827 923 1854 dans
942 1829 965 1854 la
980 1828 1134 1861 generatiou
1151 1826 1185 1852 du
1201 1828 1259 1854 Cal.
1276 1838 1305 1845 -
1322 1826 1499 1853 Recherches
1517 1831 1562 1851 sni·

0 1872 17 1908 ἶ
42 1878 66 1903 la
87 1877 166 1909 faqou
183 1876 248 1902 dont
266 1884 293 1902 se
317 1877 364 1902 fait
380 1877 403 1901 la
419 1876 532 1902 reunion
547 1876 593 1902 des
622 1884 651 1901 os
672 1875 814 1902 fracturas.
849 1875 925 1908 Quae
940 1874 1059 1907 {utraque
1076 1874 1271 1900 Commentario
1292 1874 1429 1900 iuvenitur
1452 1874 1477 1898 in
1502 1880 1562 1906 pos-

1 1909 8 1935 i
45 1930 87 1950 tea
104 1922 233 1950 laudando
250 1918 336 1956 'opere
357 1923 440 1949 Doct.
456 1923 630 1956 Fougeroux.

4 1959 8 1965 '
74 1969 96 2004 ·(
105 1969 158 2002 35)
178 1969 268 1996 Conff.
288 1970 440 1996 Comment.
458 1969 491 1994 de
509 1970 603 1996 Rebus
623 1971 648 1995 in
667 1969 711 1996 Se.
731 1970 796 1996 Nat.
815 1975 842 1994 et
858 1967 963 1995 Medic.
987 1967 1079 2000 gestis,
1098 1966 1218 1994 Volux.
1236 1966 1456 1999 pag.626—629.
1493 1965 1564 1991 Hist.

44 2016 76 2043 de
91 2016 189 2044 1⁷Anat.
206 2024 232 2042 et
246 2016 278 2041 de
295 2017 319 2041 la
336 2016 467 2048 Chii-urg.
483 2023 529 2049 par
542 2018 640 2043 Portal.
659 2017 736 2043 Tom.
747 2017 779 2042 V.
799 2016 870 2041 Paris
884 2023 959 2048 ¹770·
977 2021 1105 2048 pag.514.
1120 2021 1175 2046 seq.
1212 2015 1350 2040 Dictionn.
1368 2013 1414 2039 des
1432 2012 1559 2039 Sciences

44 2062 175 2089 Medical.
192 2062 430 2089 Tom.XXXVHI.
449 2063 522 2088 Paris
533 2065 608 2097 1819.
625 2070 755 2097 pag.433.
782 2063 857 2089 Dict.
880 2061 912 2086 de
929 2060 1086 2087 Medeciue.
1105 2060 1233 2087 V01.1V.
1251 2068 1308 2093 pag·
1318 2066 1362 2093 43.

78 2108 158 2142 (36)
175 2107 240 2136 vid.
254 2109 404 2136 Memoires
421 2117 465 2136 sur
482 2111 520 2136 les
538 2117 585 2142 os,
602 2117 670 2143 pour
694 2110 780 2136 servir
797 2109 832 2135 de
848 2108 978 2142 Reponse
996 2114 1047 2134 aux
1065 2107 1234 2141 obiectionS,
1251 2107 1401 2141 proposees
1424 2111 1514 2131 contre
1529 2103 1557 2128 ie

1504 2155 1564 2176 sen-
