1961 2438
157 681 232 735 ΈΧ
257 707 372 730 eoriun
399 704 539 728 numero
561 693 737 727 hominum
750 687 763 734 ,⁷
782 688 838 736 qui
863 690 1000 733 auspicii
1021 689 1121 722 causa
1141 683 1177 721 in
1195 686 1286 720 hunc
1303 686 1413 720 locum
1435 687 1631 729 escendant,

159 765 259 789 nemo
288 754 382 787 facile
405 752 541 785 diversis
568 751 689 791 animi,
721 750 797 782 laeti
823 748 957 792 quidem
983 747 1150 791 gratique,
1181 744 1240 777 sed
1265 737 1356 777 anxii
1379 744 1479 776 simul
1506 749 1537 776 et
1565 744 1634 776 sol-

157 813 236 845 liciti
251 810 396 844 motibus
408 834 416 850 ,
441 819 496 840 me
509 807 737 841 vehementius
756 804 903 837 adfectus
921 813 992 835 csse
1011 808 1128 845 potest.
1177 801 1276 843 Quod
1291 811 1393 844 quam
1413 809 1489 833 vere
1508 800 1634 832 dictum

156 871 217 912 sit,
249 879 356 912 neque
384 872 558 900 oratorum
591 874 683 897 more
697 888 707 905 ,
741 861 905 896 adfectata
934 859 1082 903 quadam
1111 864 1143 891 ct
1173 851 1326 890 simulata
1354 856 1538 898 modestia,
1570 857 1633 899 ipsi

157 927 327 969 iudicetiS,
352 925 391 956 A.
407 923 447 955 A.
478 924 523 954 H.
539 923 586 953 H.

200 986 277 1025 Quo
303 983 393 1014 enim
416 985 565 1021 tempore
585 979 852 1019 inexspectatum
872 973 1073 1007 dilectissimi
1098 973 1195 1015 Regis
1219 971 1391 1004 decretum
1414 970 1455 1002 de
1475 980 1531 1002 me
1555 969 1633 1013 phi-

157 1038 325 1082 losophiae
356 1036 555 1070 theoreticae
582 1034 794 1074 Professore,
826 1033 862 1064 in
889 1031 954 1063 hac
979 1030 1115 1072 antiqua
1145 1039 1184 1061 ac
1217 1018 1431 1060 celeberrima
1457 1036 1634 1059 musarum

157 1095 237 1129 sede
254 1093 505 1133 constituendo,
527 1091 592 1124 hoc
613 1091 710 1134 igitur
729 1090 900 1122 decretum
920 1098 1024 1131 quum
1044 1087 1210 1130 primum,
1229 1096 1290 1129 per
1306 1084 1545 1127 Ephemerides
1567 1093 1632 1127 pu-

156 1151 281 1193 blicas,
305 1151 350 1183 ad
363 1150 447 1183 mihi
462 1149 615 1183 notitiam
639 1147 804 1185 venisset3
828 1144 1055 1178 adlniiationis
1076 1152 1195 1183 sensu,
1219 1142 1360 1174 laetitiae
1377 1147 1409 1174 et
1426 1142 1509 1185 grati
1529 1140 1642 1181 animi,

155 1219 212 1242 me
236 1217 435 1254 pelcussum
459 1205 578 1246 fuisse,
602 1215 671 1237 non
688 1203 840 1236 diffiteor.
887 1201 1091 1233 Felicitatem
1113 1210 1226 1231 meam
1242 1200 1312 1242 ipse
1332 1199 1515 1231 admiratus
1535 1208 1633 1239 sum,

157 1270 343 1314 tanquam
338 1263 487 1295 hominis
511 1258 687 1301 fottunati,
719 1271 786 1304 quo
815 1259 925 1291 nullus
953 1258 1045 1301 pr20f<
1048 1248 1100 1290 cto
1127 1257 1244 1290 melius
1276 1257 1359 1289 50110
1380 1260 1504 1298 potest,
1530 1264 1632 1297 quam

157 1331 290 1367 parum
301 1320 336 1353 in
354 1317 561 1362 philosophia
579 1317 822 1360 praestiterim,
850 1322 887 1348 ut
911 1315 1052 1349 summis
1073 1314 1173 1356 hujus
1191 1313 1339 1346 muneris
1357 1311 1542 1345 honoribus
1563 1321 1634 1344 non

157 1377 310 1420 indignus
332 1375 468 1418 judicer

199 1433 352 1466 Maxima
374 1430 536 1473 subinde,
567 1440 653 1475 quae
685 1428 813 1461 homini
846 1426 974 1460 erudito
1001 1399 1148 1470 jucunda
1177 1425 1327 1459 accidere
1358 1429 1521 1468 possunt,
1548 1423 1633 1457 mihi

139 1495 286 1535 'praetei
307 1489 499 1532 opinionem
524 1498 566 1520 ex
589 1498 627 1520 eo
648 1485 862 1525 acciderunt,
885 1483 974 1527 quod
999 1484 1205 1526 Amplissimi
1223 1482 1321 1523 hujus
1341 1481 1541 1513 Academiae
1562 1483 1631 1514 Cu-

155 1552 281 1580 ratores
301 1571 310 1588 ,
352 1544 508 1589 singulari
540 1544 762 1577 benivolentia
791 1553 846 1574 me
885 1541 1088 1574 honorarent
1115 1545 1146 1572 ct
1174 1539 1272 1582 Regis
1307 1538 1424 1581 optimi
1450 1537 1630 1578 beneficio,

156 1613 331 1646 nunquam
348 1607 440 1645 grato
463 1601 576 1633 animo
595 1612 664 1633 non
688 1599 844 1640 colendo,
868 1599 903 1631 in
923 1598 1012 1630 hanc
1035 1598 1233 1630 altissimam
1250 1595 1386 1628 honoris
1402 1595 1633 1638 dignitatisque

155 1659 271 1692 sedem
296 1657 543 1690 adscenderem.

199 1718 348 1756 Verum,
372 1725 437 1758 quo
455 1713 630 1746 sublimius
650 1718 700 1745 cst
718 1712 783 1744 hoc
806 1711 942 1746 honoris
967 1712 1157 1754 fastigium3
1180 1721 1247 1753 quo
1267 1710 1509 1753 praestantior,
1532 1718 1633 1752 quem

157 1772 333 1814 adscendi,
366 1778 554 1816 suggestuS,
573 1777 633 1803 ›tot
657 1771 822 1813 tantisque
846 1768 1039 1802 nominibus
1064 1767 1219 1806 illustris3
1245 1778 1285 1799 eo
1312 1767 1432 1808 majori
1456 1767 1575 1798 timore
1600 1770 1633 1798 et

155 1829 371 1867 sollicitudine
385 1854 394 1871 ,
419 1828 461 1860 ab
488 1828 553 1861 hoc
574 1828 667 1868 loco,
692 1829 786 1868 cujus
812 1837 854 1859 ex
877 1826 1064 1866 altitudine,
1087 1824 1280 1867 vertiginem
1308 1822 1550 1867 propemodum
1568 1821 1632 1855 ad-

156 1884 300 1925 ferente,
323 1886 442 1930 auxius
469 1884 697 1927 circumspicio
711 1909 720 1925 ,
745 1893 800 1915 me
823 1888 932 1915 totum
949 1882 1161 1925 perterritum
1181 1880 1296 1912 sentio.
1345 1878 1398 1911 Ob
1420 1879 1532 1911 oculos
1552 1888 1630 1912 ver-

157 1947 276 1977 ,santur
295 1941 534 1973 immortalium
554 1951 670 1973 manes
691 1941 861 1980 virorum,
885 1940 920 1971 in
944 1948 1087 1982 quorum
1110 1937 1189 1980 ipsis
1212 1941 1339 1967 stamus
1362 1936 1521 1978 vestigiis,
1545 1945 1631 1978 quo-

160 2006 302 2041 rumque
325 2008 343 2029 e
365 1998 496 2040 scriptis
511 2022 520 2038 ,
544 2003 582 2030 ut
608 2009 626 2029 e
653 1997 743 2029 fonte
769 1997 907 2040 perenni
921 2020 930 2036 ‚
954 1995 1087 2037 profluit
1113 1999 1145 2026 et
1166 1993 1209 2025 ad
1233 1993 1386 2025 ultimam
1406 1992 1633 2034 posteritatem

161 2054 320 2098 profluet,
343 2064 423 2090 vera
448 2054 590 2097 cujusvis
613 2055 736 2098 ingenii
763 2054 997 2094 doctrinaeque
1022 2050 1192 2093 sapientia.
1249 2039 1252 2042 ⁴
1334 2038 1337 2040 ’

932 2111 962 2142 Α
985 2121 1002 2141 2
1565 2103 1630 2138 Di-
