1930 2448
394 121 620 155 RESPONSIO
649 132 691 153 AD
719 123 1030 163 QUAESTIONEM
1056 124 1299 163 JURIDICAM.
1566 136 1604 165 25

90 216 119 239 et
134 208 275 238 habentur
292 207 352 245 (37
364 206 394 244 ).
435 207 512 237 Inter
529 216 603 243 quos
622 213 650 237 et
667 207 699 236 S.
715 206 756 236 H.
776 216 831 236 van
848 207 962 244 ldsinga
973 228 982 243 ,
1003 208 1053 245 qui
1069 208 1125 246 (in
1142 209 1234 246 praef.
1255 209 1401 240 variorum
1417 210 1480 247 Jur.
1501 209 1570 239 Civ.
1585 210 1601 246 )

90 261 117 289 ei
144 260 215 289 hanc
239 259 464 296 fragmentorum
492 259 692 288 collectionem
727 258 851 294 tribuit,
876 267 948 295 quae
976 259 1107 297 subjecta
1131 268 1175 289 est
1203 261 1322 290 editioni
1345 261 1497 290 Parisiensi
1520 262 1597 291 Cod.

91 311 212 340 Theod.
229 312 288 341 Ao.
311 312 405 348 1586,
428 319 459 339 ea
479 310 566 339 nixus
585 310 755 339 auctoritate
782 310 862 346 quod
879 310 995 339 Theod.
1014 311 1165 340 Marcilius
1189 312 1242 349 (in
1261 312 1352 348 praef.
1379 321 1498 342 suorum
1525 322 1604 342 coiu-

88 363 317 399 mentariorum)
334 362 407 391 hanc
431 362 634 391 collectionem
652 361 720 390 citat
731 382 741 398 ,
758 370 876 398 eamque
891 361 1006 390 pithoei
1021 371 1084 391 esse
1100 362 1181 392 dicit.
1222 362 1342 392 Nullius
1362 370 1456 393 tamen
1472 365 1599 394 auctoris

85 422 190 443 nomen
208 413 374 450 praeferunt
391 413 439 442 illa
452 412 609 450 fragmenta
620 434 630 449 2
652 412 757 449 quibus
775 419 885 441 tantum
901 412 931 442 in
947 412 1004 441 fine
1022 414 1091 442 haec
1108 413 1280 450 adjiciuntur
1297 414 1402 444 verba:
1427 436 1445 452 „
1463 415 1514 452 qui
1531 416 1600 450 haec

91 461 110 500 ,ζ
129 465 184 494 XII
205 464 282 493 Tab.
302 464 458 501 fragmenta
477 465 583 493 edenda
599 463 731 499 curavit,
747 463 777 493 in
793 463 850 493 illis
867 463 1053 501 disponendis
1070 472 1187 494 secutus
1205 471 1248 494 est
1268 465 1328 494 fere
1345 466 1471 495 ordinem
1493 468 1601 498 Libro-

87 536 106 552 „
129 525 191 544 rum
207 516 274 554 Gaji
291 516 326 545 ad
345 516 455 545 easdem
471 517 569 551 leges:
591 515 679 544 verba
697 523 767 551 quae
785 515 899 552 putavit
914 515 977 552 ipsa
994 517 1088 552 legum
1099 516 1219 548 ,rubrica
1234 516 1375 554 designari
1391 519 1502 555 voluit3
1527 529 1600 556 quae

91 588 111 603 ‚,
132 576 167 596 ex
183 567 254 604 legis
272 567 370 604 potius
386 566 548 596 actionibus
561 587 572 603 ,
593 566 754 596 charactere
770 566 917 602 aliquanto
940 566 1051 596 minore
1070 567 1211 603 exprimi:
1233 575 1327 597 cetera
1344 577 1399 606 pro
1414 570 1460 598 sui
1474 570 1600 608 quisque

85 639 104 655 ‚‚
125 618 233 655 ingenii
249 625 337 655 captu
352 625 382 648 et
400 618 496 648 lubitu
514 619 641 655 effingit,
663 618 743 653 quod
760 617 809 647 vix
825 617 883 654 ipsi
900 623 1058 646 tentassent
1076 618 1153 647 Aelii
1173 619 1287 649 fratres.
1328 619 1411 649 Vidit
1435 621 1502 650 haec
1521 629 1599 651 aetas
1632 638 1637 641 -

86 689 105 705 „
126 669 348 706 Germanicam,
378 669 584 706 Hispanicam,
611 669 798 705 Italicamque
821 668 850 698 in
871 667 929 697 isto
950 668 1079 705 periculo
1093 669 1248 700 licentiam.
1291 671 1404 701 Viderit
1419 681 1496 702 nunc
1524 681 1551 703 et
1568 675 1599 704 in

83 741 102 756 „
123 721 208 750 hacce
234 720 338 750 rutuba
359 720 512 751 Gallicam.
527 721 548 734 ”
586 721 643 751 Pro
668 722 708 750 cl.
732 720 863 757 Idsingae
878 720 1041 756 sententia,
1066 728 1175 757 pugnat
1192 722 1271 758 quod
1292 722 1382 760 Hugo
1403 724 1469 752 loco
1493 725 1517 754 l.
1536 733 1598 753 mo-

78 778 128 801 net
148 772 245 810 (38),
266 772 353 802 alium
370 772 437 802 huic
453 772 572 802 editioni
588 771 748 810 praefuisse
758 771 865 809 JCtum
882 771 1041 808 quendam,
1064 781 1148 808 quem
1160 772 1332 804 Hauboldus
1343 774 1495 804 Pithoeum
1505 774 1598 805 fuisse

77 822 149 852 dicit
168 824 189 852 1.
207 825 228 854 1.
247 833 316 862 239.
357 823 415 853 Sed
429 825 513 862 cujus
533 823 645 853 tandem
659 844 670 861 ,
695 823 757 854 sive
775 822 888 852 Pithoei
905 822 967 852 sive
985 823 1121 860 anonymi
1138 824 1284 862 auctoris,
1310 825 1349 855 sit
1363 825 1501 864 libellus,
1527 835 1597 863 qua-

76 874 114 905 lis
132 875 190 911 sit,
213 881 240 904 et
258 874 328 912 quid
347 875 493 905 contineat
509 875 667 906 videamus.

116 926 198 956 Haec
215 926 305 964 igitur
320 926 546 964 fragmentorum
564 926 699 957 collectio
710 948 721 964 ,
737 927 781 957 uti
795 929 852 966 jam
866 928 957 958 verbo
975 928 1162 966 monuimus,
1182 931 1264 960 nullo
1283 930 1489 960 commentar20
1512 930 1595 960 illus-

75 983 191 1014 tratur,
211 986 307 1015 neque
322 979 430 1009 ordin1s
452 979 525 1009 ratio
551 979 728 1016 exponitur,
748 988 842 1016 neque
869 980 904 1009 de
927 980 1053 1010 consilio
1075 981 1224 1016 auctoris,
1249 981 1306 1011 nisi
1331 990 1366 1010 ex
1389 981 1490 1018 paucis
1512 982 1542 1011 in
1559 981 1593 1011 li-

66 1029 153 1059 ‘mine
172 1029 268 1066 operis
287 1030 405 1068 adjectis
421 1031 540 1067 verbis,
559 1031 698 1060 certiores
717 1030 787 1060 facti
804 1038 916 1060 sumus.
957 1031 1006 1060 Ex
1022 1031 1130 1067 quibus
1147 1031 1219 1061 illud
1235 1032 1372 1069 colligere
1389 1031 1455 1061 licet
1467 1053 1477 1068 ,
1494 1040 1594 1062 aucto-

74 1088 135 1109 rem
151 1080 376 1118 fragmentorum
393 1082 460 1119 Gaji
476 1082 507 1111 in
524 1082 558 1112 ff.
578 1081 683 1118 viginti
706 1081 766 1110 fere
791 1091 912 1112 numero
935 1081 1022 1112 nobis
1045 1081 1213 1112 relictorum
1235 1082 1356 1112 maxime
1381 1083 1521 1113 rationem
1542 1084 1590 1113 ha-

77 1131 198 1168 buisse,
218 1132 253 1161 ad
268 1140 388 1169 eamque
407 1132 566 1170 fragmenta
583 1134 640 1163 XII
658 1133 734 1163 Tab.
751 1132 942 1170 disposuisse.
983 1133 1149 1163 Dolendum
1160 1140 1254 1164 tamen
1270 1141 1333 1171 est,
1352 1135 1498 1171 quomodo
1514 1135 1591 1164 hunc

72 1190 108 1212 ex
120 1182 196 1220 Gajo
217 1183 323 1212 eruerit
339 1184 466 1214 ordinem
479 1204 490 1220 ,
510 1193 574 1213 eum
591 1193 652 1214 non
668 1184 853 1221 ostendisse3
875 1192 970 1220 neque
979 1185 1119 1221 probasse
1130 1205 1141 1222 ,
1162 1185 1239 1214 unde
1248 1184 1362 1215 facilior
1379 1186 1511 1215 evaderet
1531 1185 1591 1215 dis-

69 1233 183 1270 putatio
201 1234 235 1262 de
249 1233 328 1263 illius
349 1235 471 1264 meritis.
512 1234 651 1265 Ordinem
670 1241 771 1269 ,tamen
790 1235 868 1265 hunc
887 1234 1007 1264 maxime
1030 1236 1066 1265 ad
1081 1236 1240 1273 genuinum
1264 1237 1418 1272 accedere,
1443 1245 1528 1267 nemo
1546 1243 1591 1267 est

70 1284 120 1320 qui
137 1292 244 1321 neget,
264 1285 350 1314 modo
369 1286 520 1323 diligenter
542 1285 726 1322 consideret,
749 1285 849 1322 quanti
874 1287 1013 1316 momenti
1039 1287 1097 1316 sint
1121 1288 1189 1317 haec
1214 1287 1283 1324 Gaji
1306 1287 1487 1325 fragmenta3
1517 1289 1590 1325 legi·
1632 1296 1635 1302 ·

71 1334 171 1363 timum
190 1343 252 1363 eum
270 1344 340 1365 vero
358 1336 474 1374 dicere,
499 1345 606 1367 temere
625 1338 690 1374 quis
710 1336 896 1374 pronuntiet,
920 1337 972 1373 qui
994 1336 1062 1366 item
1083 1337 1238 1367 attenderit
1259 1346 1320 1368 non
1335 1338 1488 1376 diligenter
1504 1340 1593 1369 ratio·

70 1394 135 1414 nem
157 1385 291 1415 habuisse
306 1393 452 1417 auctorem
471 1389 594 1419 aliorum
617 1397 651 1417 ex
674 1387 845 1424 antiquitate
869 1389 1025 1424 locorum,
1053 1387 1103 1423 qui
1130 1387 1166 1416 ad
1190 1388 1379 1419 restituonem
1399 1391 1508 1421 ordinis
1520 1393 1589 1428 legi-

69 1436 133 1465 timi
158 1439 252 1466 valere
277 1445 422 1474 possunt:
444 1439 488 1469 uti
512 1447 559 1469 est
580 1441 663 1469 locus
687 1439 721 1468 de
746 1440 837 1470 Dion.
863 1438 960 1468 Hauc.
991 1437 1032 1467 L.
1051 1438 1090 1467 X.
1116 1438 1168 1467 ubi
1190 1445 1313 1469 testatur
1343 1441 1452 1470 ultimis
1480 1443 1587 1471 tabulis

68 1493 162 1516 actum
180 1487 271 1517 fuisse
291 1489 325 1517 de
348 1489 482 1520 connubio
508 1490 646 1520 Patribus
668 1500 731 1519 cum
756 1490 840 1520 Plebs
867 1490 965 1519 vetito.
1005 1487 1093 1518 Hunc
1124 1489 1197 1519 enim
1219 1491 1317 1520 locum
1343 1491 1369 1520 si
1390 1493 1585 1530 respexisset,

66 1535 144 1568 illam
161 1540 252 1575 legem
270 1548 331 1570 non
351 1541 570 1578 praeposuisset
583 1542 628 1571 illi
648 1542 684 1570 de
701 1541 830 1570 mulieris
854 1540 1041 1578 usucapione,
1064 1547 1136 1575 quae
1154 1539 1184 1569 in
1202 1541 1295 1570 medio
1314 1541 1376 1571 fere
1395 1543 1470 1573 libro
1488 1546 1587 1574 locum

68 1589 181 1618 obtinet
192 1610 203 1625 ,
225 1598 324 1619 verum
340 1590 370 1620 in
387 1592 474 1621 finem
486 1591 647 1630 reiecisset.
686 1591 822 1628 Denique
835 1590 885 1620 vix
901 1598 976 1627 opus
996 1596 1040 1619 est
1057 1596 1090 1618 ut
1107 1590 1234 1620 dicamus
1246 1612 1257 1633 ⁹,
1277 1593 1378 1628 quanti
1393 1595 1530 1625 momenti
1548 1595 1588 1624 sit

68 1640 138 1669 haee
158 1640 293 1670 collectio
306 1661 317 1677 ‚
337 1648 365 1670 et
386 1649 564 1680 quantopere
581 1641 760 1672 Gothofredi
784 1650 900 1679 operam
928 1641 1078 1677 allevarit,
1104 1641 1139 1670 de
1159 1651 1217 1679 quo
1233 1651 1301 1672 mox
1317 1646 1491 1677 monendum
1508 1647 1561 1677 erit
1574 1668 1584 1683 ,

64 1690 97 1721 in
111 1699 197 1728 quem
212 1692 309 1721 locum
329 1692 413 1723 etlam
431 1700 525 1723 cetera
542 1694 578 1724 de
593 1694 650 1724 hoc
670 1700 788 1724 auctore
806 1692 945 1723 monenda
962 1692 1080 1730 rejicere
1098 1701 1158 1723 non
1176 1693 1352 1725 dubitamus.

1528 1749 1586 1779 Ce-

100 1839 182 1874 (37)
201 1841 283 1869 Conf.
301 1841 425 1869 Haubold
441 1844 460 1870 l.
477 1844 497 1871 l.
514 1850 575 1878 pag.
587 1851 645 1878 239.
664 1850 692 1871 et
713 1843 859 1871 Bouchaud
876 1844 896 1871 1.
908 1845 928 1872 1.
950 1844 998 1878 qui
1014 1850 1045 1870 ea
1067 1843 1183 1873 auctoris
1202 1841 1326 1879 anonymi
1350 1850 1410 1872 esse
1428 1843 1507 1872 docet
1528 1845 1547 1872 l.
1564 1846 1583 1872 l.

66 1884 148 1914 Tom.
161 1887 184 1914 1.
201 1895 262 1920 pag.
275 1895 339 1922 214.

99 1931 179 1966 (38)
199 1933 278 1966 Hugo
294 1935 313 1961 l.
330 1935 349 1962 l.
366 1943 426 1969 pag.
440 1937 499 1968 164.
533 1955 551 1970 ‚‚
569 1937 646 1964 Alius
661 1943 746 1963 tamen
772 1936 876 1969 quidam
895 1936 979 1971 JCtus
1002 1937 1066 1963 huic
1093 1937 1204 1964 editioni
1231 1938 1382 1971 praefuerit
1397 1943 1509 1964 necesse
1526 1943 1585 1968 est;

67 1978 260 2006 admonitiones
279 1981 349 2007 enim
367 1981 399 2007 ad
415 1983 544 2010 lectorem
558 1983 641 2010 iudici
660 1991 687 2011 et
705 1984 801 2016 fragm.
820 1983 872 2009 XII
890 1982 957 2011 Tab.
977 1984 1095 2017 adiectae
1111 1984 1221 2012 Parisiis
1246 1983 1321 2010 datae
1348 1989 1429 2015 sunt,
1451 1983 1498 2009 ubi
1518 1990 1583 2010 tuuc

67 2027 198 2058 temporis
216 2027 345 2059 Cujacius
370 2037 423 2055 non
440 2031 668 2062 commorabatur,
686 2030 754 2056 licet
773 2030 826 2057 Ao.
843 2030 919 2062 1582.
938 2031 1045 2059 Parisiis
1066 2037 1126 2059 eum
1144 2031 1227 2059 fuisse
1245 2030 1403 2059 documenta
1417 2031 1524 2065 publica
1540 2029 1581 2056 vi-

65 2076 108 2097 tae
124 2071 182 2105 ejus
194 2072 297 2106 adjecta
308 2074 424 2104 doceant
439 2083 466 2103 et
480 2083 618 2105 auctorem
635 2076 779 2104 ostendunt
792 2076 984 2110 anonymum.'’

885 2134 914 2164 D
