1961 2438
333 113 358 146 6
846 107 1284 145 (ΣΕΚἨΜἉἸ

380 208 445 241 Nee
469 214 573 240 tamen
597 206 694 238 facilis
713 203 772 237 fuit
793 203 971 239 adscensus.
1015 205 1154 236 Centena
1173 212 1230 245 per
1254 201 1359 234 secula
1385 202 1531 234 homiues
1556 202 1709 234 Naturam
1726 203 1799 236 licet

341 265 443 297 oculis
467 265 638 306 subjectam
656 261 808 294 haberent
827 262 1113 303 intuerenturque,
1138 265 1260 296 tamen,
1286 259 1374 289 inani
1391 259 1495 302 specie
1509 258 1653 301 decepti,
1676 265 1801 291 tantum

338 332 406 353 non
430 319 669 358 coecutiebant,
692 325 723 350 et
753 319 864 358 vanis,
890 328 971 362 quae
1002 316 1120 348 frustra
1152 321 1259 347 mente
1287 314 1469 354 finxerant,
1491 314 1669 347 simulacris
1694 315 1803 348 seduci

337 388 370 408 se
391 378 503 408 misere
527 375 737 419 patiebantur.

382 490 418 518 In
444 499 537 520 causa
561 499 638 521 vero
660 487 738 531 quid
764 486 846 519 fuit?
883 486 946 517 nisi
971 483 1059 528 quod
1075 495 1142 517 non
1163 482 1243 516 adeo
1266 483 1377 524 facile,
1399 496 1459 518 nec
1482 486 1522 518 ab
1549 497 1658 519 errore
1681 495 1804 528 semper

337 550 462 583 tutum,
487 546 527 577 sit
551 546 650 577 menti
673 556 690 576 a
709 555 804 576 sensu
823 542 862 575 ad
881 542 1046 574 scientiam
1073 541 1264 585 procedere,
1286 542 1387 574 immo
1404 545 1493 576 visus
1508 543 1693 588 praesertim
1709 540 1802 574 obes—

336 610 369 632 se
389 604 506 644 possit,
529 602 592 633 nisi
616 611 729 644 magna
745 599 940 643 quandoque
957 598 1145 631 adhibeatur
1160 598 1276 630 cautio.

375 713 585 745 'Astronomos
600 718 702 751 certe,
723 723 788 755 quo
804 713 913 744 minus
929 713 995 756 jam
1017 711 1118 743 multa
1141 717 1214 742 ante
1236 711 1342 744 secula
1357 722 1470 744 verum
1485 718 1586 744 terrae
1603 712 1804 754 coelestium·

336 779 400 811 que
429 781 599 812 corporum
623 768 838 812 intelligerent
863 776 987 801 motum
1003 791 1014 809 2
1048 767 1128 811 quid
1152 770 1254 811 magis
1280 768 1470 811 prohibuit?
1499 779 1596 812 quam
1622 768 1712 812 quod
1736 768 1804 812 ipse

334 824 415 855 coeli
435 825 601 867 adspectus
626 824 768 868 decepit,
793 832 824 858 et
845 832 970 869 praeter
990 835 1109 868 paucos
1137 823 1237 855 illusit
1260 835 1384 857 omnes.
1407 843 1455 851 -
1487 827 1693 870 Quamquam
1714 826 1804 857 enim

334 880 415 912 nihil
445 880 620 912 detractum
646 880 721 913 volo
747 883 930 926 principum
965 882 1116 921 illorum,
1140 882 1223 924 quos
1248 881 1322 913 tulit
1347 882 1541 926 antiquitas,
1563 885 1710 915 virorum
1734 880 1806 914 lau·

331 936 450 978 dibus,
480 948 678 981 venerorque
714 938 829 970 lubens
858 950 973 982 magna
995 938 1201 982 sequentium
1228 937 1410 970 seculorum
1435 940 1569 971 nomina
1584 962 1595 978 ‚
1624 948 1733 972 veram
1758 943 1805 969 ta-

332 1002 407 1023 men
432 993 615 1036 disciplinae
647 996 886 1027 Astronomicae
917 995 1022 1027 lucem
1049 1001 1118 1026 tum
1143 993 1274 1025 demum
1302 994 1454 1037 affulgere
1477 997 1642 1038 coepisse,
1670 1005 1746 1026 cum
1769 994 1808 1025 il-

330 1046 491 1080 lusionem
526 1050 613 1081 illam
647 1051 807 1094 opficam,
841 1063 905 1096 qua
931 1052 1028 1084 etiam
1053 1061 1143 1082 nunc
1166 1050 1285 1093 vulgus
1308 1050 1388 1082 fallit
1414 1050 1496 1082 coeli
1524 1051 1710 1095 adspectus,
1740 1050 1805 1093 pri-

331 1114 422 1134 mum
447 1116 578 1147 arguere
604 1118 678 1138 ausa
704 1107 800 1139 fuerit
828 1118 905 1140 sana
934 1108 1037 1146 ratio,
1070 1106 1233 1151 pauloque
1265 1113 1337 1150 post
1367 1118 1408 1138 eo
1442 1107 1631 1150 processerit
1663 1106 1805 1138 humana

333 1159 508 1202 industria,
531 1169 568 1194 ut
594 1163 705 1194 oculos
723 1163 763 1194 ad
788 1168 938 1208 propiora
964 1165 1040 1196 satis
1068 1170 1177 1195 acutos
1192 1187 1202 1203 ‚
1226 1163 1267 1194 ad
1290 1164 1501 1195 remotissima
1525 1164 1637 1196 itidem
1659 1161 1803 1195 Telesco·

333 1216 461 1257 piorum
488 1218 608 1250 auxilio
635 1226 783 1259 acueret,
808 1221 971 1253 neminem
995 1231 1064 1252 non
1080 1219 1334 1251 consentientem
1356 1230 1407 1251 me
1423 1219 1539 1251 habere
1555 1218 1699 1251 confido.

375 1328 497 1370 Igitur,
521 1341 594 1362 cum
616 1331 678 1363 hoc
695 1334 850 1363 necturae
866 1343 998 1364 munere
1019 1332 1226 1370 decessurus,
1239 1333 1427 1363 Orationem
1446 1331 1576 1375 quidem
1593 1330 1733 1363 habendi
1751 1339 1806 1363 ne·

331 1385 506 1417 cessitatem
534 1387 716 1430 impositam
748 1388 827 1420 mihi
857 1389 999 1427 videam,
1032 1389 1122 1420 omni
1150 1399 1227 1421 vero
1259 1387 1408 1419 facultate
1442 1390 1580 1420 oratoria
1607 1387 1805 1426 destitutus,

332 1440 385 1470 vix
409 1442 600 1485 quidquam,
629 1443 717 1487 quod
745 1450 834 1475 tanto
866 1445 1041 1476 Auditorio
1070 1445 1155 1477 haud
1185 1445 1424 1488 displiciturum
1451 1447 1516 1484 sit,
1542 1455 1560 1476 a
1590 1454 1642 1476 me
1670 1443 1806 1488 proferri

333 1506 425 1538 posse
440 1498 633 1542 intelligam,
658 1501 717 1530 nisi
738 1511 755 1531 e
773 1500 906 1543 studiis,
930 1502 1050 1545 quibus
1067 1501 1234 1540 detineor,
1248 1505 1402 1545 petitum;
1425 1512 1492 1533 non
1512 1500 1734 1533 inconsultum
1755 1510 1805 1532 me

332 1549 433 1583 {acere
454 1562 551 1595 puto,
576 1558 621 1594 si,
646 1556 735 1599 quod
758 1557 855 1589 modo
870 1558 980 1601 attigi,
1003 1565 1230 1602 argumentum
1249 1557 1347 1601 paulo
1366 1557 1554 1601 explicatius
1568 1558 1632 1600 jam
1650 1565 1806 1589 enarrem.

382 1663 492 1693 Dicam
521 1663 618 1706 igitur
643 1664 684 1696 de
709 1670 894 1710 insignium,
918 1671 975 1713 qus·
997 1670 1031 1702 in
1055 1670 1187 1702 scientia
1212 1670 1437 1702 Astronomica
1448 1669 1539 1707 facti
1558 1676 1644 1710 sunt,
1660 1680 1805 1712 progres-

338 1726 427 1748 suum
443 1718 683 1759 fundamentis,
709 1733 731 1753 a
753 1725 884 1757 summis
904 1728 937 1757 in
960 1736 994 1758 re
1015 1725 1249 1758 Matlzemacica
1271 1733 1302 1757 ec
1323 1727 1547 1758 Astronomz'ca
1569 1726 1664 1764 viris,
1680 1726 1805 1768 partim

338 1772 464 1804 decimo
490 1782 594 1815 sexto,
623 1781 765 1810 maxime
791 1779 916 1813 decimo
944 1785 1077 1826 septimo
1107 1782 1232 1820 seculo,
1255 1783 1332 1822 jam
1351 1785 1528 1825 praecipue
1551 1782 1657 1824 jactis.
1709 1781 1806 1822 Quod

338 1829 466 1870 quidem
489 1839 712 1873 argumentum
740 1846 779 1866 eo
804 1840 987 1880 praesertim
1013 1838 1150 1878 arridet,
1175 1839 1263 1882 quod
1289 1841 1323 1871 in
1342 1838 1491 1870 laudibus
1513 1844 1559 1869 tot
1577 1838 1803 1870 excellentium

337 1884 479 1915 altorum
508 1885 571 1916 sere
601 1893 702 1919 totum
731 1891 770 1922 sit
796 1894 961 1935 positum,
994 1907 1135 1939 quorum
1169 1902 1252 1926 certe
1290 1896 1402 1926 merita
1434 1901 1614 1925 reverenter
1645 1894 1802 1926 celebrare

339 1949 390 1969 ne
412 1939 521 1979 decffl,
543 1952 577 1971 ln
606 1944 793 1976 memoriam
818 1959 966 1983 revocare
995 1951 1086 1984 vobis
1110 1954 1146 1983 A.
1155 1954 1191 1984 A.
1210 1954 1247 1984 H
1257 1954 1312 1983 H.
1305 1950 1311 1971 ¹
1337 1961 1503 1993 nunquam
1528 1961 1594 1982 non
1620 1951 1802 1993 jucundum

337 1995 477 2027 accidere
498 2003 612 2039 potest.

1745 2122 1802 2154 At·
