1930 2448
145 98 403 132 RESPONSUM·
419 108 463 130 AD
485 99 796 139 QUAESTIONEM
815 99 1466 133 PH1LOSOPHtCO-THEORETICAM.
1552 114 1575 140 9,

100 185 140 214 At
165 185 262 220 enim,
284 192 454 221 quamquam
473 185 607 214 Laertius
630 185 848 222 anticipationes
868 194 883 214 a
907 187 1061 223 sensibus,
1082 194 1224 224 tamquam
1251 186 1420 225 prIncipio‚
1440 186 1568 223 derivat3

62 235 167 266 Cicero
192 242 284 264 tamen
308 244 352 265 eas
373 238 489 265 innatas
513 245 576 265 esse
597 237 669 265 dixit
689 237 768 274 (1).
809 238 851 265 Ita
876 236 950 265 enim
975 237 1044 267 ille:
1088 258 1106 274 „
1127 238 1252 275 Intelligi
1271 247 1390 268 necesse
1416 245 1480 271 est,
1510 246 1573 266 esse

62 287 152 322 deos,
184 287 318 322 quoniam
346 287 445 317 insitas
470 297 593 324 eorum,
623 290 670 317 vel
698 288 796 324 potius
819 289 955 323 innatas,
991 288 1174 325 cognitiones
1202 290 1375 318 habemus.”
1431 289 1574 318 Cicerone

60 337 149 374 igitur
174 338 302 367 erravit?
345 338 430 367 Haud
458 346 574 375 putem:
608 339 675 368 licet
703 339 779 367 haud
803 345 908 367 temere
934 340 991 369 hoc
1017 340 1128 375 obiici,
1158 341 1316 369 auctoritas
1340 340 1574 369 doctissimorum

61 384 188 417 virorum
218 395 246 417 et
273 389 410 419 nobilitas
440 396 579 426 testatum
614 398 737 425 quorum
767 389 885 426 plurimi
912 399 958 420 eas
988 391 1191 420 intellexerunt
1213 392 1369 427 notiones,
1393 382 1462 427 quas
1483 399 1580 419 recen·

63 439 152 469 tiores
181 439 300 469 barbara
322 450 396 469 voce
416 441 550 470 dixerunt
567 447 715 469 connectas.
757 441 814 470 Sed
834 442 981 472 observari
1001 443 1110 478 velim,
1141 444 1236 472 locum
1261 444 1338 471 hunc
1360 443 1398 471 ita
1419 451 1505 479 posse
1530 451 1578 471 ex-

64 491 185 528 plicari,
217 499 250 521 ut
275 501 341 521 cum
372 493 475 523 Cicero
506 492 691 521 translatione
718 501 788 522 usus
818 493 924 522 fuisset
952 494 986 523 ab
1009 495 1160 523 arboribus
1181 495 1227 522 vel
1248 494 1373 530 plantis⁷
1396 502 1468 529 quae
1488 500 1577 522 terrae

60 543 249 579 inseramur,
270 543 369 572 durius
391 543 446 572 hoc
470 543 526 580 ipsi
554 543 659 571 fuisset
682 543 797 580 visum,
827 544 935 573 mitiori
963 546 1105 575 vocabulo
1134 555 1203 575 usus
1229 545 1286 580 sit,
1315 545 1410 574 itidem
1435 554 1450 573 a
1470 545 1576 581 plantis

63 600 180 629 sumto,
212 601 245 623 ut
271 594 464 631 significaret,
494 604 538 625 eas
559 602 653 634 sponte
680 594 762 631 quasi
780 605 832 624 sua
852 605 914 625 esse
936 603 1036 627 ortas:
1059 598 1155 634 itaque
1177 598 1267 626 verbo
1287 598 1397 625 innasci
1416 597 1451 626 de
1472 596 1577 633 plantis

60 652 134 675 ‚usus
156 651 198 673 est
217 645 357 675 Horatius
380 646 464 684 (2):

288 745 308 761 ,‚
327 723 477 762 Neglectis
497 725 604 754 urenda
624 725 686 754 filix
705 725 863 755 innascitur
882 725 993 763 agris.”

63 800 211 829 Praeterea
243 809 307 829 cum
342 802 446 831 Cicero
477 804 575 839 paullo
601 802 722 832 inferius
746 803 865 832 dlxisset
886 804 971 841 (3):
1010 825 1027 840 ‚‚
1047 803 1075 832 A
1099 811 1199 834 natura
1226 805 1363 834 habemus
1390 813 1490 834 omnes
1518 813 1580 834 om-

65 851 142 880 nium
166 852 292 888 gentium
313 853 438 889 speciem
460 855 567 882 nullam
589 853 692 889 aliam,
723 854 779 882 nisi
799 855 948 884 humanam
963 875 975 891 ,
996 856 1112 884 deorum
1125 866 1135 892 3
1148 856 1167 869 '’
1197 857 1274 885 addit
1303 863 1396 885 tamen
1416 855 1556 885 continuo
1570 862 1580 882 ε

67 923 87 938 ,‚
106 903 190 941 Quae
219 903 292 932 enim
325 904 376 933 alia
405 904 498 933 forma
518 905 644 933 occurrit
665 913 799 941 umquam
821 913 870 935 aut
888 906 1019 943 vigilanti
1039 907 1173 943 cuiquam
1195 915 1244 936 aut
1264 906 1465 936 dormienti?'’
1495 904 1582 943 ,Qui-

66 954 121 983 bus
142 954 239 983 verbis
259 955 377 984 deorum
397 956 527 985 notitiam
548 965 563 983 a
583 955 717 984 sensibus
738 964 887 992 manasse,
908 958 1059 986 manifeste
1079 957 1233 993 significat.
1266 958 1372 992 Neque
1392 957 1473 985 aliter
1488 956 1518 984 in
1536 964 1581 983 se-

51 1007 162 1034 ·cundo
175 1006 250 1034 libro
262 1026 273 1041 ,
294 1006 342 1034 ubi
359 1006 523 1034 Stoicorum
534 1007 568 1034 de
584 1007 686 1034 natura
705 1006 824 1034 deorum
835 1005 993 1035 doctrinam
1012 1007 1148 1043 exponit:
1174 1028 1192 1043 ,‚
1206 1007 1351 1036 Omnibus
1369 1007 1465 1035 enim’'
1485 1006 1581 1041 inquit

67 1075 87 1091 ,‚
106 1056 237 1083 innatum
267 1062 310 1084 est
337 1063 365 1084 et
392 1056 422 1084 in
452 1048 553 1085 animis
584 1057 666 1091 quasi
695 1056 893 1093 insculptum,
924 1066 986 1085 esse
1014 1058 1120 1087 deos.⁷’
1157 1065 1186 1087 et
1216 1065 1309 1087 tamen
1338 1057 1432 1086 statim
1461 1058 1517 1085 hoc
1545 1056 1580 1085 ab

64 1107 240 1144 experientia
251 1126 263 1142 ,
280 1114 424 1143 tamquam
440 1109 559 1143 caussa,
573 1107 699 1136 deducit.
723 1108 780 1136 Sed
796 1109 865 1137 haec
881 1109 1031 1140 hactenus.
1050 1109 1196 1138 videamus
1212 1109 1248 1137 de
1262 1109 1393 1137 doctrina
1404 1109 1581 1137 Stoicorum.

105 1183 306 1213 STOICORUM
326 1183 459 1219 plurimis
480 1190 597 1220 accepta
617 1183 670 1212 iam
692 1193 707 1212 a
726 1184 843 1215 Platone
867 1185 1071 1221 philosophiae
1091 1185 1120 1215 in
1141 1193 1204 1215 tres>
1220 1192 1316 1222 partes
1336 1185 1455 1222 partitio
1475 1185 1583 1214 retine-

68 1236 172 1271 batur,
195 1244 314 1271 quarum
342 1235 425 1264 tertia
454 1242 497 1264 est
524 1236 559 1264 de
588 1235 775 1272 disserendo,
798 1244 826 1265 et
848 1237 917 1272 quid
938 1246 1037 1267 verum
1051 1258 1061 1272 ,
1094 1244 1122 1265 et
1144 1237 1213 1272 quid
1233 1236 1358 1272 falsum,
1382 1236 1451 1272 quid
1470 1243 1581 1264 rectum

66 1287 96 1316 in
117 1287 270 1322 oratione,
302 1295 478 1322 pravumve,
509 1286 579 1322 quid
610 1286 814 1322 consentiens,
838 1287 908 1325 quid
933 1294 1096 1325 repugnet,
1118 1286 1270 1316 iudicando
1292 1286 1375 1323 (4).
1417 1288 1452 1315 In
1481 1285 1584 1314 distin-

57 1338 196 1387 ctionum
218 1346 287 1366 vero
306 1344 332 1365 et
352 1337 537 1373 partitionum
561 1337 699 1374 gurgitem
713 1358 723 1373 ,
755 1336 859 1372 quibus
879 1337 965 1366 variis
980 1338 1016 1367 in
1036 1339 1085 1367 illa
1106 1324 1208 1367 schola
1229 1344 1319 1366 scatet
1339 1338 1406 1365 haec
1428 1336 1557 1366 doctrIna
1570 1357 1581 1372 ,

59 1389 177 1420 animus
198 1388 266 1416 mihi
287 1397 346 1417 non
367 1394 411 1416 est
430 1387 623 1423 descendere,
646 1396 677 1416 ea
697 1394 806 1417 tantum
827 1375 1009 1426 deiibaturo,
1031 1398 1102 1426 quae
1121 1389 1156 1418 ad
1175 1398 1304 1418 caussam
1323 1380 1451 1418 noStram
1472 1381 1584 1439 suffice

67 1449 99 1470 re
120 1440 282 1470 videantur.
323 1439 500 1468 Bruckerum
520 1441 594 1477 legat
614 1440 731 1469 istarum
753 1440 887 1476 cupidus.

60 1544 64 1554 ,
104 1517 153 1547 Ad
171 1518 261 1554 haec,
283 1527 357 1554 quae
375 1520 438 1548 visa
458 1524 545 1556 sunt,
573 1521 755 1549 assensionem
777 1518 936 1555 adiungunt
955 1519 1135 1550 animorum:
1164 1527 1248 1555 quam
1269 1527 1332 1547 esse
1352 1520 1456 1547 volunt
1475 1518 1505 1547 in
1527 1527 1579 1551 no·

58 1569 113 1599 bis
143 1570 266 1606 positam
295 1577 324 1598 et
348 1571 550 1600 voluntariam.
597 1571 677 1600 Visis
707 1571 781 1600 enirn
806 1581 868 1601 non
897 1571 1033 1600 omnibus
1062 1570 1255 1607 adiungebant
1279 1570 1386 1605 fidem,
1408 1569 1458 1597 sed
1477 1568 1512 1597 iis
1534 1576 1583 1596 so-

61 1622 149 1657 lum,
171 1629 245 1657 quae
275 1621 423 1657 propriam
453 1622 602 1657 quamdam
630 1622 767 1652 haberent
789 1622 1011 1651 >declarationem
1043 1630 1138 1650 earum
1161 1630 1277 1656 rerum,
1301 1628 1373 1656 quae
1392 1619 1583 1654 viderentur,

67 1669 135 1701 sivev
151 1680 223 1707 quae
242 1672 383 1708 impressa
404 1680 520 1709 essent,
550 1674 699 1710 effictaque
727 1683 762 1702 ex
792 1683 827 1704 eo
838 1684 854 1711 ,*
871 1675 948 1703 unde
968 1679 1086 1708 essent,
1109 1672 1203 1708 qualia
1233 1680 1296 1700 esse
1324 1679 1385 1700 non
1405 1675 1527 1706 possent
1547 1677 1582 1710 er<

63 1729 127 1758 eo,
153 1722 228 1750 unde
253 1731 314 1751 non
343 1729 452 1753 essent.
492 1724 524 1753 Id
548 1731 641 1753 autem
660 1725 755 1754 visum
777 1734 842 1753 curn
863 1725 958 1761 ipsum
980 1732 1032 1760 per
1051 1731 1082 1751 se
1102 1729 1286 1756 cerneretur,
1315 1719 1580 1759 comprehensibile,

66 1772 122 1802 sed
149 1781 214 1801 cum
241 1778 391 1809 acceptum
418 1774 473 1803 iarn
501 1781 530 1804 et
557 1776 748 1812 approbatum
768 1783 866 1811 esset,
895 1775 1160 1813 comprehensionem
1179 1773 1379 1809 appellabant,
1401 1771 1521 1800 similem
1545 1769 1581 1799 iis

12 1853 14 1860 ,
61 1824 179 1859 «rebus,
200 1834 272 1860 quae
291 1834 376 1854 manu
396 1827 661 1863 prehenderentur3
694 1836 728 1855 ex
749 1836 806 1863 quo
834 1826 916 1855 etiam
942 1826 997 1854 hoc
1024 1833 1153 1860 nomen,
1175 1824 1254 1860 quod
1280 1830 1361 1852 antea
1384 1831 1444 1851 non
1466 1821 1579 1855 fuerat,

70 1874 190 1905 duxerat
210 1875 304 1907 Zeno.
344 1876 420 1905 Nam
441 1886 530 1913 quum
551 1878 676 1907 extensis
702 1878 798 1915 digitis
817 1878 964 1907 adversam
984 1885 1098 1905 manum
1119 1875 1305 1910 ostenderat,
1326 1874 1448 1910 Visum,
1469 1872 1582 1908 inquie-

1510 1924 1579 1959 bat,

89 2027 126 2070 ⁴(
139 2034 176 2069 ι)
202 2037 244 2062 De
260 2037 352 2064 natura
372 2037 481 2066 deorum
498 2039 559 2065 libri
576 2039 600 2066 1.
626 2047 685 2073 cap.
702 2046 743 2073 17.
963 2037 981 2072 s
992 2036 1033 2070 α)
1062 2036 1095 2063 L.
1115 2043 1138 2062 1.
1165 2034 1217 2062 Sat.
1234 2041 1260 2067 3.

104 2081 171 2116 (3)
203 2083 237 2110 C.
257 2084 299 2112 18.
488 2084 554 2119 (4)
587 2086 649 2114 vid.
666 2087 775 2119 Laert„
800 2087 819 2113 l.
836 2092 870 2119 7,
894 2093 916 2113 s.
934 2092 984 2118 39,
1002 2092 1061 2117 sqq.
1085 2084 1177 2117 ibique
1195 2083 1367 2114 interpretes.

144 2150 151 2153 ,
276 2151 278 2153 .
875 2131 898 2161 B
