1930 2448
673 95 1070 143 ORATIO.
1569 108 1602 132 ῃ

138 185 296 219 industria
337 184 568 219 testimonium.
613 185 722 217 Exstat
737 184 804 216 viri
828 182 1037 215 illustrissimi
1065 194 1247 215 1101111111
1281 195 1538 218 οΗΑΜΒΕῃεΠ
1565 186 1604 218 ad

136 244 298 275 Societatis
317 245 474 276 Asiaticae
493 242 703 288 Calcuttensis
716 239 837 272 sodales
860 240 983 278 oratio,
1008 251 1090 283 quae
1112 242 1139 272 si
1159 240 1208 272 vel
1229 242 1316 273 nulla
1341 243 1460 284 ingenii
1481 242 1601 275 doctri.

133 310 256 343 naeque
274 311 349 332 suae
367 305 576 331 monumenta
595 297 774 341 reliquisset
803 307 1004 330 sonemus
1017 319 1027 335 ‚
1051 296 1091 328 ad
1115 297 1393 341 incomparabilem
1414 300 1485 331 Viri
1508 311 1598 343 prae-

130 357 278 387 stantiam
315 356 493 400 posteritati
525 353 787 387 manifestandam
811 353 878 385 sola
908 353 1078 386 sufficeret.
1128 357 1287 394 Primam,
1314 363 1350 387 ut
1383 357 1448 399 ipse
1469 364 1596 394 narrat,

129 411 373 445 familiaritatem
390 424 464 445 cum
475 424 489 444 J
501 421 652 444 onasto
663 417 863 442 contraxerat
879 421 1045 442 cHAMBE
1056 421 1118 442 1151
1130 421 1173 442 us
1186 435 1195 449 ,
1206 422 1279 442 cum
1298 419 1405 443 noster
1422 412 1597 445 admodum

128 468 312 500 adolescens
334 470 367 501 in
394 469 596 501 Academiam
615 470 831 500 Oxoniensem
852 468 1056 511 pervenisset.
1104 467 1208 508 Hujus
1242 469 1391 511 deinceps
1422 471 1594 502 amicitiam

127 525 269 557 coluerat
305 532 435 569 propter
459 525 617 569 ,eximiam
646 525 765 557 indolis
793 526 1028 568 integritatem,
1063 525 1244 568 mentisque
1272 527 1378 555 omnia
1413 527 1594 570 arripientis

126 582 319 626 nullumque
350 582 514 622 laborem,
544 582 649 614 nullas
669 592 824 625 umquam
851 581 949 613 studii
971 582 1131 614 molestias
1166 581 1353 625 refugientis
1390 583 1591 616 celeritatem.

123 641 190 671 Nec
214 639 293 670 adeo
317 637 412 670 multi
437 639 515 670 anni
536 638 726 671 effluxerant
755 650 772 670 a
801 639 906 682 primo
931 649 1103 671 son-esu
1132 638 1217 681 apud
1250 640 1448 671 oxonienses
1478 639 1597 671 adven-

125 703 182 735 tu,
206 696 454 739 studiorumque
482 696 517 727 in
546 695 687 728 Arabicis
716 695 816 727 literis
844 698 1023 739 positorum
1054 695 1179 733 initiis,
1211 707 1283 726 cum
1319 695 1400 727 forte
1437 695 1590 733 fortuna,

121 753 199 784 dum
215 759 364 784 nostrum
383 753 493 784 invisit
513 763 821 792 anMBERslus,
841 754 875 784 in
894 752 1014 784 librum
1034 751 1194 795 quendam
1207 752 1359 783 incideret
1377 751 1592 794 ponderosum

121 816 153 840 et
184 820 330 852 gravem,
362 809 582 853 maximaeque
610 808 751 849 formae,
785 820 881 853 quem
917 810 975 841 iste
1003 816 1107 841 totum
1136 812 1299 841 variorum
1327 816 1494 840 auctorum
1515 811 1593 841 Ara·

122 865 271 897 bicorum
296 869 453 909 excerptis
479 866 704 910 compleverat.
752 867 892 909 Stupetis
918 865 1061 910 profecto
1083 877 1264 910 praecocem
1292 866 1433 897 hominis
1458 865 1595 909 diligen-

121 923 197 953 tiam
212 946 224 963 ,
248 925 330 956 A.A.
354 929 423 954 tum
443 925 597 967 temporis
622 934 691 955 non
717 922 925 962 doctoribus,
949 934 991 954 ne
1017 923 1193 954 candidatis
1221 923 1371 965 quidem,
1394 921 1451 953 sed
1473 922 1594 953 studio·

120 980 164 1011 sis
188 979 391 1022 junioribus,
417 985 516 1011 aetate
541 980 746 1018 minorihus,
777 979 884 1010 adhuc
911 978 1131 1010 annumerati!
1179 981 1220 1011 At
1248 987 1370 1021 quanto
1405 979 1507 1020 major
1532 978 1593 1010 erit

118 1043 261 1067 vestrum
292 1036 440 1067 omnium
466 1035 654 1076 admiratio,
689 1036 717 1068 si
745 1035 808 1067 hoc
831 1035 998 1075 addidero,
1023 1047 1091 1067 non
1122 1045 1247 1073 unum,
1271 1035 1324 1066 sed
1346 1041 1485 1078 quatuor
1508 1035 1592 1076 ejus·

116 1092 190 1124 dem
214 1092 414 1135 argumenti,
443 1092 652 1136 ejusdemque
678 1092 932 1136 magnitudinis,
955 1092 1123 1124 volumina
1149 1091 1189 1123 ab
1209 1103 1248 1123 eo
1272 1091 1368 1123 fuisse
1391 1091 1591 1133 conscripta;

116 1150 143 1180 si
164 1156 324 1192 praeterea
355 1149 417 1180 hoc
447 1152 543 1182 etiam
574 1149 739 1192 adjecero,
767 1149 845 1180 haec
872 1156 1019 1193 excerpta
1044 1160 1113 1180 non
1143 1160 1182 1179 ex
1208 1148 1302 1180 editis
1330 1148 1444 1185 libris,
1467 1147 1522 1178 sed
1552 1157 1591 1178 ex

118 1206 344 1248 manuscriptis
376 1205 527 1246 fluxisse,
558 1216 709 1249 magnam
738 1213 860 1250 partem
892 1206 977 1237 lectu
1006 1205 1263 1243 difficilioribus,
1296 1205 1336 1236 de
1363 1203 1484 1248 quibus
1507 1205 1591 1246 Lege

117 1262 324 1301 Academica,
360 1274 457 1305 quam
482 1274 522 1294 ex
548 1262 648 1295 Medii
674 1263 756 1295 Aevi
781 1262 922 1294 tenebris
950 1268 1058 1294 natam
1081 1269 1112 1294 et
1137 1269 1240 1293 ortam
1272 1272 1340 1293 esse
1362 1261 1497 1299 dixeris,
1524 1260 1587 1291 hoc

114 1321 253 1349 maxime
277 1324 406 1349 cautum
433 1325 515 1351 esset
546 1325 579 1350 et
607 1319 840 1360 constitutum,
869 1330 911 1350 ne
941 1318 1014 1350 illos
1047 1321 1112 1350 nisi
1140 1319 1229 1349 statis
1253 1317 1452 1360 temporibus
1492 1323 1523 1348 et
1553 1316 1587 1347 in

115 1375 187 1406 loco
215 1373 345 1417 publico
368 1376 547 1419 inspicere,
576 1387 636 1407 nec
659 1375 744 1407 foras
776 1386 794 1406 e
816 1374 1013 1406 Bibliotheca
1031 1385 1186 1418 umquam
1203 1373 1315 1405 efferre
1337 1374 1455 1406 liceret.
1503 1375 1588 1413 Qua·

113 1431 158 1463 les
175 1431 291 1473 igitur,
317 1432 494 1475 quantique
518 1443 624 1464 JONE
637 1440 696 1464 ⁵11
717 1442 839 1464 annum
860 1433 916 1464 vix
938 1431 1100 1463 decimum
1124 1442 1249 1462 nonum
1276 1431 1399 1474 agentis
1420 1430 1455 1461 in
1472 1431 1585 1461 Orien-

114 1488 253 1527 talibus,
276 1488 353 1519 item
369 1488 500 1521 Graecis
521 1489 707 1530 Latinisque
730 1488 847 1527 literis,
864 1499 1053 1532 progressus
1077 1487 1216 1527 fuerint,
1237 1488 1364 1520 videtis.
1412 1488 1458 1519 Ne
1480 1493 1586 1518 tamen

111 1546 184 1578 ideo
212 1546 285 1589 quis
309 1545 469 1577 existimet
491 1556 566 1577 eum
589 1546 789 1589 Linguarum
812 1546 1028 1577 recentiorum
1051 1545 1237 1576 interiorem
1269 1544 1417 1575 notitiam
1443 1553 1584 1574 morum·

108 1614 172 1646 que
201 1602 414 1634 urbanitatem
449 1608 481 1634 et
513 1602 703 1645 elegantiam
735 1602 923 1646 neglexisse.
980 1601 1153 1634 Assiduam
1185 1602 1383 1644 optimorum
1415 1606 1583 1631 auctorum

109 1659 324 1698 Gallicorum,
347 1659 500 1690 Italorum
514 1682 524 1697 ‚
553 1660 790 1702 Hispanorum,
814 1659 1042 1691 Lusitanorum
1061 1658 1250 1695 lectionem,
1276 1656 1441 1699 equitandi
1461 1663 1493 1688 et
1515 1656 1578 1687 sal·

111 1714 202 1756 tandi
225 1716 433 1754 exercitium,
460 1722 572 1760 aptum
593 1716 691 1759 gladii
717 1727 830 1756 usum,
864 1714 1010 1760 quotidie
1040 1725 1115 1746 cum
1149 1713 1363 1745 severioribus
1395 1713 1508 1745 studiis
1538 1714 1580 1744 ita

107 1773 304 1816 conjungere
332 1772 471 1812 solebat,
500 1779 558 1812 ut,
588 1774 645 1816 qui
668 1773 745 1804 haec
771 1779 918 1816 agentern
938 1771 1228 1814 contemplaretur,
1255 1781 1295 1801 ne
1319 1770 1487 1801 minimam
1505 1770 1577 1812 qui-

110 1830 182 1861 dem
216 1829 403 1872 particulam
426 1830 578 1873 temporis
608 1831 745 1873 negotiis
779 1829 955 1862 levioribus
992 1827 1229 1871 supersuturam
1265 1837 1332 1858 esse
1362 1827 1574 1861 existimarem

109 1887 167 1929 qui
194 1887 252 1916 ista
274 1893 520 1929 prosequentem
549 1887 830 1926 animadverteret,
854 1897 929 1918 eum
955 1885 1055 1917 solius
1086 1884 1260 1927 elegantiae
1284 1883 1410 1915 laudem
1438 1881 1582 1914 affectare

110 1943 326 1975 azbitraretur.
373 1943 460 1983 Quid
485 1954 659 1975 memorem
690 1943 938 1987 praeclarissima
956 1948 1061 1973 tantae
1088 1941 1246 1973 facultatis
1263 1941 1397 1980 indicia,
1420 1950 1500 1982 quae
1524 1938 1579 1969 ad·

107 2000 172 2032 huc
198 2003 280 2032 inter
304 2000 420 2042 scripta
443 2001 512 2031 Viri
533 2010 660 2032 summa
692 2012 767 2032 cum
786 2000 997 2031 admiratione
1015 1998 1193 2041 leguntur?
1238 1999 1344 2029 Vitam
1374 1989 1584 2028 Nadir-Sclia-

110 2057 146 2087 bi
169 2057 320 2099 tyranni,
352 2057 514 2099 superiore
541 2057 649 2089 seculo
677 2056 899 2093 famosissimi,
923 2066 1052 2096 nonne,
1077 2053 1240 2098 flagitante
1263 2061 1293 2086 et
1314 2053 1495 2097 postulante
1521 2053 1584 2082 Da-

853 2115 877 2144 B
900 2124 918 2146 2
1524 2117 1596 2139 niae
