1930 2448
337 81 375 105 22
750 71 1100 105 GERARDI
1158 74 1409 107 DEDEL

341 154 433 186 veteri
454 154 561 185 Museo
581 156 703 186 alterum
721 157 849 195 addidit,
874 164 903 187 et
921 158 1013 188 libros
1033 157 1069 186 de
1087 156 1307 194 antiquitatibus
1325 166 1375 190 aut
1395 161 1430 190 de
1457 159 1581 191 h1storia
1605 160 1816 193 Hetruseorum
1838 170 1868 199 et

343 206 623 244 Carthaginiensium
641 209 831 247 conscripsit,
855 219 928 246 quae
946 210 986 240 ibi
1001 209 1202 240 recitarentur.
1232 211 1383 241 Strabonis
1403 219 1486 242 etiam
1504 220 1633 252 tempore
1652 213 1788 245 Museum
1810 224 1864 252 pu-

344 258 421 287 blice
443 259 579 295 pecunias
602 260 745 297 habebat,
768 268 796 290 et
811 261 972 298 Sacerdos,
997 261 1047 298 qui
1070 261 1179 291 Museo
1202 264 1354 300 praeie'rat,
1376 273 1440 294 cum
1464 265 1533 294 olim
1552 274 1568 295 a
1584 266 1753 296 Ptolemaeis
1781 267 1865 304 elige-

343 316 443 346 retur,
473 317 543 341 tnnc
566 311 600 340 ab
623 312 847 349 Imperatoribns
876 312 1026 342 creabatur
1047 314 1158 351 (11);
1182 316 1254 351 sed,
1276 316 1300 344 si
1317 317 1384 346 haec
1409 319 1514 347 collata
1537 318 1700 347 testimonia
1716 320 1863 356 probant,

344 362 443 391 literas
473 363 508 392 iis
541 364 722 401 temporibus
749 366 941 395 Alexandriae
962 365 1118 402 floruisse,
1147 366 1181 394 ad
1217 366 1366 396 historiam
1397 368 1591 409 Bibliothecae
1623 377 1739 399 nostrae
1764 379 1865 407 parum

345 413 495 451 referunt3
518 414 576 444 imo
605 416 738 446 instituta
762 417 884 446 literaria
909 416 1104 446 Alexandrina
1127 426 1142 446 a
1170 416 1310 448 Romanis
1340 428 1398 449 non
1421 429 1456 449 eo
1489 421 1642 457 proposito
1673 420 1747 450 facta
1772 429 1862 457 sunt,

344 472 379 494 ut
405 466 548 497 doctrinas
571 476 798 504 promoverent,
827 470 877 498 sed
896 468 995 506 potius
1016 476 1048 498 ut
1073 469 1191 506 gloriam
1217 479 1411 507 capesserent.
1453 471 1580 501 Omnino
1608 471 1694 509 igitur
1715 471 1865 508 probabile

346 516 418 545 mihi
437 518 570 554 Videtur,
593 520 801 549 Bibliothecam
819 520 949 550 Sebastei
967 527 996 549 et
1013 519 1154 549 Muscam
1177 522 1292 550 Claudii
1317 531 1352 551 ex
1376 522 1606 552 Ptolemaeorum
1622 522 1717 558 copiis
1735 530 1864 559 magnam

345 576 456 604 partem
469 571 594 600 conflata
612 581 693 608 esse,
715 579 744 601 et
765 574 880 602 credere
895 573 987 608 licet,
1009 571 1217 601 Bibliothecam
1243 573 1362 610 Serapei
1383 575 1475 603 multo
1503 573 1597 603 minus
1618 582 1649 602 ac
1673 572 1778 602 lentius
1802 581 1865 601 cre-

345 619 447 656 visse,
478 630 562 658 quam
586 623 640 652 sub
665 624 848 654 Ptolemaeis.
890 625 1026 653 Attamen
1052 632 1067 652 e
1094 624 1203 653 crebris
1232 625 1424 661 auctoribus,
1459 624 1510 661 qui
1537 624 1619 654 etiam
1645 624 1700 653 sub
1724 622 1865 654 Romanis

345 670 537 701 Alexandriae
553 673 739 711 floruerunt,
761 682 875 705 constat
900 683 1050 704 numerum
1074 674 1214 704 librorum
1230 683 1345 705 auctum
1371 685 1453 712 esse,
1475 682 1525 713 et,
1546 675 1704 712 imperante
1724 674 1866 704 Domitia·

346 731 386 752 no
397 743 408 758 2
425 723 553 753 videmus
569 724 767 754 Bibliothecas
785 726 993 756 Alexandrinas
1010 727 1080 756 adeo
1098 727 1226 756 celebres
1246 728 1390 764 evasisse,
1409 734 1463 763 ut,
1480 736 1545 756 cum
1560 728 1658 763 plures
1671 727 1788 764 Imperii
1803 726 1866 758 Ro-

347 774 423 802 mani
441 775 635 806 Bibliothecae
650 777 782 806 incensae
800 785 913 814 essent,
933 778 1118 807 Domitianus
1132 779 1245 815 aliquot
1262 780 1365 808 doctos
1382 778 1514 808 homines
1524 777 1725 807 Alexandriam
1741 778 1866 815 miserit,

348 825 400 860 qui
417 825 456 854 ibi
479 836 554 856 nova
572 830 699 865 exempla
721 829 917 858 describerent
938 838 1024 865 atque
1044 830 1225 860 emendarent
1245 831 1344 868 (ιε).
1384 831 1492 860 Utrum
1511 838 1580 859 vero
1601 828 1807 866 descripserint
1821 828 1867 857 illi

346 875 438 906 libros
457 878 572 915 Serapei
592 888 628 909 an
647 880 800 916 Sebastei,
821 889 881 909 non
904 881 1002 917 prodit
1026 882 1203 919 Suetonius;
1226 884 1278 913 sed
1303 883 1470 913 verosimile
1488 889 1551 919 est,
1572 881 1732 911 Domitiani
1754 882 1865 918 legatos

347 927 558 959 Bibliothecam
579 930 696 967 Serapei
718 940 778 961 non
799 932 990 968 praeteriisse.
1033 933 1118 962 Circa
1142 935 1238 964 eadem
1265 935 1326 964 fere
1345 941 1496 970 tempora,
1517 942 1534 963 a
1551 932 1680 962 Neronis
1708 939 1812 968 nempe
1829 930 1866 960 ad

346 977 467 1015 Trajani
483 988 606 1018 aevum,
626 982 764 1011 floruisse
783 990 957 1012 memoratur
975 984 1137 1021 Dionysius
1161 987 1372 1016 Alexandrinus
1394 986 1508 1022 (13),
1530 983 1581 1021 qui
1607 982 1695 1012 Suida
1716 988 1791 1011 teste
1813 982 1868 1012 τῶν

347 1031 528 1066 βιβλιοθηκῶν
546 1037 678 1071 προῦστη.
716 1036 803 1073 'Quae
828 1037 914 1066 verba
939 1037 1014 1066 forte
1039 1039 1074 1067 de
1095 1038 1304 1067 Alexandrinae
1320 1036 1532 1066 Bibliothecae
1555 1033 1735 1071 praefectura
1759 1032 1867 1062 intelli-

347 1084 437 1117 gentia
462 1090 551 1120 sunt,
581 1093 648 1113 cum
671 1085 833 1122 Dionysius
861 1087 916 1117 iste
937 1089 1136 1119 Alexandriam
1165 1090 1283 1127 patriam
1306 1088 1461 1124 habuerit,
1487 1093 1535 1123 et,
1559 1092 1697 1121 quantum
1719 1093 1754 1113 ex
1778 1084 1867 1114 Suida

347 1132 446 1174 colligi
465 1141 583 1170 potest,
604 1135 634 1164 in
658 1145 688 1164 ea
717 1137 788 1165 urbe
811 1138 926 1168 vixerit.
966 1141 1024 1169 Sed
1050 1141 1096 1169 hic
1123 1147 1152 1169 et
1180 1141 1381 1175 Chaeremon,
1411 1147 1496 1175 quem
1530 1138 1674 1166 Matterus
1705 1136 1824 1173 (Tom.
1839 1135 1865 1166 l.

346 1191 379 1218 p.
399 1184 499 1222 εει.)
516 1185 604 1214 etiam
626 1186 779 1222 praefectis
811 1197 978 1220 annumerat
998 1192 1111 1230 (14),
1132 1192 1209 1222 unici
1226 1199 1295 1221 sunt
1317 1190 1535 1221 Bibliothecarii
1562 1198 1662 1219 eorum
1679 1195 1865 1226 temporum,

1793 1247 1867 1276 quo-

347 1316 418 1342 mine
431 1333 440 1346 ,
465 1317 670 1351 institutumque
698 1328 727 1347 ut
762 1325 901 1353 quotannis
929 1325 954 1350 in
983 1326 1064 1352 altero
1094 1327 1249 1360 Τυββηνικῖῦν
1280 1325 1362 1354 libri,
1391 1325 1474 1351 altero
1506 1323 1741 1357 Καρχηδονιακῶν,
1767 1321 1863 1348 diebus

344 1364 451 1388 vstt-ituris
471 1364 542 1389 velut
561 1365 585 1390 in
604 1366 738 1392 auditorio
762 1370 960 1402 recitarentur,
988 1374 1038 1398 toti
1057 1380 1071 1397 a
1093 1373 1201 1406 singulis
1227 1380 1273 1406 per
1294 1371 1398 1398 vices.’'
1423 1370 1480 1398 vid.
1499 1371 1671 1397 Casaubonus
1695 1368 1726 1394 ad
1751 1369 1778 1395 h.
1796 1369 1816 1394 1.

382 1408 466 1442 (Η)
493 1410 587 1436 Strabo
606 1412 665 1438 Lib.
681 1413 765 1440 XVII.
790 1423 817 1448 p.
836 1424 911 1449 ¹143·
931 1418 1003 1444 Edit.
1019 1419 1130 1446 Amstel.
1151 1420 1211 1447 ’ἐστι
1232 1419 1261 1445 δὲ
1282 1421 1314 1451 τῇ
1337 1418 1428 1451 συνόδῳ
1454 1418 1542 1449 vaani
1561 1418 1606 1443 καὶ
1623 1417 1751 1449 χρήματα
1770 1416 1863 1446 nocua·

344 1457 390 1480 καὶ
409 1456 489 1486 ἱερεῦς
507 1456 519 1482 ὃ
536 1456 580 1483 ἐπὶ
604 1461 639 1489 τῷ
659 1462 773 1494 Mauo-sigo
788 1466 952 1496 ’τεταγμένος
966 1483 974 1495 ,
993 1466 1057 1492 τότε
1073 1469 1120 1498 μὲν
1139 1468 1188 1493 §nb
1201 1468 1253 1494 τῶν
1270 1466 1417 1499 βασιλέων,
1435 1465 1476 1491 νῦν
1492 1464 1515 1489 δ’
1535 1464 1583 1490 ὗπὸ
1603 1465 1742 1496 Kaio-29⁰4·-

380 1499 464 1533 (12)
485 1502 589 1528 Sueton.
608 1504 633 1528 51¹
656 1506 754 1533 Doluit.
779 1515 804 1533 c.
821 1517 862 1534 20.
895 1529 912 1543 ,‚
932 1511 1110 1537 Bibliothecas
1131 1511 1257 1537 incendio
1283 1511 1415 1536 absumtas
1428 1528 1437 1541 ‚
1456 1509 1647 1542 impensissime
1671 1509 1789 1541 reparari
1818 1515 1864 1535 cu·

346 1548 436 1579 ravit,
461 1550 659 1581 exemplaribus
683 1552 799 1584 undique
825 1556 917 1587 petitis
930 1575 939 1587 ,
957 1558 1099 1589 missisque
1119 1557 1322 1587 Alexandriam,
1341 1557 1386 1590 qui
1407 1555 1594 1581 describerent
1613 1554 1864 1589 emendarentque.''

346 1593 410 1619 Vici.
428 1595 532 1627 anet,
549 1594 581 1620 ad
600 1596 626 1624 h.
643 1598 682 1627 l·3
701 1601 819 1630 quamvis
836 1601 956 1628 videatur
973 1605 1014 1630 vir
1032 1605 1105 1633 doct.
1123 1615 1176 1633 non
1196 1607 1364 1638 distinguere
1380 1605 1450 1630 inter
1471 1603 1618 1630 Bruchium
1635 1610 1662 1629 et
1680 1603 1836 1637 serapeum.

382 1639 465 1672 (13)
490 1640 550 1668 Vid.
570 1643 659 1669 Suidas
679 1646 703 1670 in
722 1653 802 1674 voce.

381 1685 464 1720 (14)
491 1688 550 1714 Fuit
567 1689 673 1722 quidem
691 1691 734 1717 hic
758 1693 922 1720 Chaeremon
948 1698 1054 1725 celeber
1071 1700 1127 1732 ejus
1146 1700 1274 1732 temporis
1299 1696 1497 1732 philosophus,
1515 1696 1622 1722 Stoicus
1641 1701 1668 1720 et
1690 1697 1864 1730 ἵεμογριμμα·

343 1735 426 1764 τεὺς,
441 1733 476 1758 de
493 1742 549 1766 quo
569 1736 624 1763 vid.
643 1738 749 1766 Fabi-ic.
768 1740 838 1767 Bibl.
858 1742 908 1768 Gr.
927 1743 989 1770 Vol.
1003 1745 1040 1771 11.
1059 1754 1085 1778 p,
1102 1753 1160 1778 392.
1181 1747 1259 1772 Voss.
1279 1745 1311 1770 de
1330 1746 1364 1771 H.
1384 1745 1418 1771 G.
1437 1744 1497 1769 Lib.
1515 1743 1550 1769 Π.
1576 1750 1600 1768 c.
1621 1749 1644 1769 1.
1669 1751 1696 1775 p.
1715 1742 1773 1770 106.
1807 1743 1858 1769 sub

344 1779 468 1810 Augusto
494 1788 519 1808 et
539 1783 665 1809 insecutis
683 1785 888 1818 imperatoribus
907 1790 996 1822 vixit,
1013 1791 1194 1824 juvenemque
1216 1793 1352 1818 Neronem
1370 1790 1502 1816 educavit.
1538 1788 1587 1814 Sed
1606 1790 1714 1819 nescio,
1732 1796 1762 1814 an
1780 1797 1863 1816 teme.

343 1827 441 1851 :tarium
464 1827 499 1853 sit
512 1846 519 1858 ‚
540 1835 597 1855 eum
619 1831 688 1856 inter
707 1832 931 1861 Bibliothecarios
951 1837 1073 1869 referre,
1094 1839 1163 1871 quod
1183 1840 1316 1865 Matterus
1340 1839 1358 1866 1.
1376 1838 1394 1864 l·
1414 1837 1501 1867 fecit,
1526 1836 1621 1861 2b11⁵1¹⁵
1640 1835 1747 1867 suffiae,
1768 1838 1807 1862 uti
1824 1838 1863 1863 Vi·

345 1870 424 1896 cie-,ur
437 1891 444 1903 ‚
462 1876 628 1903 auctoritate.
665 1877 715 1902 Hic
731 1880 817 1912 enim,
832 1881 859 1906 in
878 1889 904 1907 v.
923 1885 1053 1916 Διονύσιος
1069 1885 1276 1918 Ἀλεξανδρεϋς,
1292 1885 1361 1910 hunc
1377 1882 1567 1910 Chaeremonis
1585 1881 1746 1914 discipulum
1762 1883 1862 1916 fuisse,

342 1918 566 1946 bibliothecarum
587 1930 671 1948 curam
691 1927 824 1958 gessisse,
845 1934 871 1954 et
888 1930 1015 1962 magistro
1031 1932 1208 1959 chaeremoni
1234 1930 1411 1957 Alexandriae
1431 1930 1595 1956 successisse
1609 1928 1718 1955 affirmat
1735 1930 1861 1963 quidem,

343 1970 369 1989 m
391 1972 442 1989 nou
464 1966 553 1998 addit,
568 1976 626 2000 ‹quo
652 1970 752 1997 tandein
779 1973 804 1997 in
827 1981 946 2004 munere.
982 1976 1169 2012 Quamobrem
1184 1986 1243 2004 cum
1264 1985 1291 2004 et
1309 1979 1335 2003 in
1357 1977 1446 2004 Stoica
1469 1976 1609 2009 disciplitia
1629 1981 1655 2001 et
1677 1976 1702 2001 in
1725 1978 1861 2010 ἱερογραμ-

341 2012 448 2043 ματέως
468 2012 558 2040 officio
577 2015 600 2040 ei
625 2017 774 2045 succedere
792 2024 930 2056 potuerit,
946 2026 1039 2058 potius
1066 2027 1161 2052 horum
1184 2026 1338 2058 alterutrum
1361 2022 1537 2056 elegendum‚
1556 2029 1605 2049 nec
1625 2022 1657 2049 de
1675 2023 1864 2060 Bibliothecae

1749 2070 1866 2096 Alexan.
