1930 2448
207 129 461 160 RESPONSUM
481 136 524 158 AD
545 128 856 168 QUAESTIONEM
877 128 1527 164 PHlLOSOPHICO-THEORETICAM.
1603 145 1636 172 17

132 214 254 250 spicimir
281 213 462 249 substantia,
484 213 665 250 proprietas,
700 212 860 249 similiaque
886 213 967 248 plura
988 213 1064 249 (ι).
1109 214 1181 243 Cras
1210 215 1278 251 quid
1301 216 1479 251 cogitaturus
1501 216 1562 251 sis,
1591 225 1643 245 ne-

132 266 210 301 scis;
242 273 391 295 extensum
417 265 546 294 futurum
562 287 571 301 ‚
592 272 619 294 et
642 273 792 300 caussam,
815 270 842 292 et
866 263 1019 299 effectum,
1042 265 1098 293 hoc
1120 265 1267 294 iamffnunc
1290 266 1410 295 novisti.
1452 267 1483 295 Si
1504 267 1568 302 quis
1588 267 1641 296 tibi

133 323 247 352 narret,
270 325 302 345 se
328 317 435 346 vidisse
455 317 581 352 aliquid,
605 317 683 352 quod
707 324 759 344 nec
777 323 864 344 unum
885 321 980 348 esset,
1002 323 1053 342 nec
1070 316 1159 351 plus,
1181 325 1234 344 nec
1253 325 1406 353 magnum,
1428 326 1480 346 nec
1500 327 1638 354 parvum;

130 376 227 397 nonne
246 368 326 396 illum
347 368 515 404 Anticyram
528 388 538 402 ,
560 374 593 395 ut
613 366 799 395 Helleborum
821 365 919 401 bibat,
941 365 1038 392 iubeas
1059 365 1217 401 navigare?
1241 382 1278 388 —
1298 368 1355 396 Sed.
1380 378 1518 404 quorsum
1549 370 1640 398 haec?

132 418 176 447 Ut
197 418 372 455 intelligatur
403 418 531 454 scilicet,
562 426 591 445 ea
618 416 711 446 omnia
734 425 750 445 a
774 415 858 445 nobis
884 415 956 444 visis
982 414 1090 450 tribui,
1120 424 1185 444 eum
1212 417 1284 452 ipsis
1312 419 1398 447 rebus
1425 429 1484 448 non
1515 420 1641 457 imprimi

130 468 294 498 mentibus:
321 470 406 505 quam
433 469 571 497 insulsum
594 468 668 496 enim
691 467 749 502 sit,
771 466 890 495 formam
923 473 950 494 et
973 466 1134 501 qualitatem
1163 476 1258 496 rerum
1278 478 1343 497 curn
1369 470 1439 498 visis
1462 471 1555 499 dicere
1580 472 1640 500 ani-

129 524 176 550 mo
198 523 342 559 imprimi,
367 531 401 550 ex
426 521 508 551 dictis
530 521 654 558 cogitur.
697 519 789 548 Recte
806 518 895 556 igitur
911 519 1045 547 Platner:
1090 539 1109 554 ‚‚
1131 519 1273 555 Saepius,
1296 520 1410 556 inquit,
1432 521 1488 549 hoc
1512 529 1642 558 tempore

127 574 217 609 lego,
239 581 299 602 non
318 573 415 602 fallere
437 581 552 601 sensus.
594 573 634 600 At
659 579 717 607 quo
741 569 831 599 verbo
854 570 883 598 id
902 569 1067 605 nominem,
1090 570 1163 598 istos
1189 570 1298 599 homini
1318 580 1333 599 a
1353 571 1445 607 prima
1464 572 1582 600 infantia
1599 573 1643 601 vi-

127 633 159 653 sa
178 624 277 652 afferre
295 631 322 652 et
341 623 459 653 nuntios
480 624 515 652 de
535 623 642 651 mundo
664 628 803 656 externo,
822 620 871 656 qui
892 629 992 656 reapse
1011 621 1070 649 veri
1090 630 1150 650 non
1172 621 1249 658 sint;
1273 623 1338 650 cum
1360 622 1416 658 ipsi
1436 623 1551 658 dicant,
1583 624 1642 652 llic

127 677 249 714 spatium
271 682 314 704 est
339 682 425 711 atque
445 676 586 710 extensio,
618 672 676 702 illic
700 673 775 701 color
801 679 830 701 et
859 678 970 708 motu53
994 672 1059 700 dum
1086 673 1198 709 species
1221 679 1331 702 tantum
1353 674 1410 702 sint
1430 674 1496 702 haec
1524 675 1642 703 omnia?

127 727 208 756 etc.”
230 728 313 764 (ρ).
354 727 460 762 Neque
488 734 564 762 opus
589 731 632 753 est
655 725 701 753 his
725 723 834 753 diutius
861 723 1013 752 insistere:
1044 723 1074 751 id
1104 723 1200 760 enim,
1224 733 1307 760 quam
1332 734 1387 754 nos
1416 726 1567 762 videmus,
1600 736 1644 754 re-

126 786 189 806 rum
211 778 332 806 formam
355 777 429 815 ipsis
456 777 494 805 ita
514 786 573 806 non
595 776 688 805 inesse
713 776 818 809 rebus,
840 775 893 803 iam
917 780 1032 803 constat
1053 774 1127 803 inter
1152 784 1273 811 omnes,
1295 783 1322 804 et
1340 775 1551 817 evidentissime
1570 785 1639 814 post

124 828 343 865 Leibnstziuni,
365 829 503 858 Humium
530 827 660 864 aliosque
683 827 747 865 (3)
777 826 913 864 probavit
942 826 1084 863 Kamius,
1107 827 1227 864 eiusque
1252 828 1423 865 interpretes
1445 829 1489 867 (4
1503 829 1519 866 >
1534 849 1545 866 ,
1569 837 1641 864 quo-

124 889 188 909 rum
214 889 274 911 non
301 888 344 910 est
368 889 527 910 numerus:

357 959 451 996 Quem
473 959 522 995 qui
543 958 616 988 scire
635 958 726 995 velit,
747 957 852 994 Lybici
871 958 941 987 velit
960 957 1091 992 aequoris
1113 956 1186 985 idem

354 1010 483 1045 discere,
507 999 599 1046 *quarn
620 1012 710 1038 multa
732 1011 870 1046 Zephyro
891 1010 1043 1037 turbentur
1063 1017 1184 1044 arenae,

357 1067 423 1096 aut,
448 1061 498 1088 ubi
518 1061 640 1096 navigiis
659 1061 815 1090 violentior
834 1061 935 1090 incidit
955 1060 1072 1095 Eurus,

354 1119 464 1147 nosse,
488 1118 561 1147 quot
579 1111 655 1142 Ionii
675 1111 790 1141 veniant
809 1113 844 1141 ad
863 1113 960 1141 littora
979 1112 1100 1140 fluctus.

124 1188 223 1224 Atque
245 1188 285 1217 sic
306 1197 407 1218 verum
428 1189 483 1225 fit,
506 1189 585 1225 quod
605 1189 756 1225 posuimus
777 1189 881 1224 initio,
905 1197 976 1225 quae
996 1188 1134 1217 habemus
1156 1195 1249 1216 rerum
1272 1192 1452 1216 externarum
1477 1187 1559 1224 visa,
1580 1195 1654 1220 non¹

129 1247 191 1268 esse
211 1248 300 1276 vera,
321 1239 351 1269 id
376 1247 440 1276 est,
464 1249 494 1268 ea
517 1240 623 1276 rebus,
645 1246 678 1268 ut
703 1248 804 1277 reapse
825 1246 913 1276 sunt,
935 1247 989 1269 nec
1011 1247 1074 1267 esse
1095 1238 1221 1274 similia,
1243 1247 1295 1267 nec
1316 1238 1405 1275 paria.

161 1315 242 1345 Haec
259 1318 329 1346 vero
350 1317 416 1353 quia
439 1317 476 1346 ita
491 1323 581 1353 sunt3
607 1317 753 1352 quomodo
775 1326 858 1347 veras
877 1326 941 1346 esse
962 1323 1077 1345 nostras
1100 1316 1195 1350 ideas,
1217 1315 1245 1344 id
1268 1322 1331 1352 est,
1353 1317 1419 1344 vere
1442 1315 1497 1345 illis
1519 1324 1642 1351 respon·

124 1365 190 1394 dere
210 1375 275 1402 eas,
300 1376 371 1403 quas
392 1367 558 1404 praeferunt
578 1376 644 1404 res,
674 1368 783 1398 invicta
810 1369 895 1397 nobis
917 1368 982 1404 quis
1004 1373 1129 1403 praestet
1150 1366 1317 1396 evidentia?
1359 1366 1468 1396 Nonne
1487 1368 1521 1395 ad
1541 1368 1641 1395 harum

126 1416 263 1453 plurimas
293 1412 475 1453 pervenimus
505 1419 665 1448 rationibus
679 1439 689 1454 ,
717 1419 820 1447 sumtis
841 1427 876 1447 ex
897 1418 1088 1453 notionibus,
1112 1426 1182 1452 quas
1203 1425 1283 1446 veras
1303 1425 1363 1445 non
1385 1425 1470 1452 esse,
1492 1417 1579 1445 modo
1601 1415 1644 1444 vi-

125 1468 242 1497 dimus?
264 1477 360 1498 nonne
381 1478 427 1498 eae
447 1470 481 1498 ab
503 1470 559 1498 illis
584 1470 763 1499 notionibus
780 1470 973 1498 abstractione
1000 1469 1143 1497 duxerunt
1179 1467 1330 1503 origines?
1373 1466 1449 1504 Quis
1473 1475 1564 1503 porro
1594 1466 1657 1495 ab-'

125 1518 249 1548 solutam
276 1522 372 1557 legum
403 1521 522 1550 rationis
549 1522 652 1557 probet
679 1521 902 1551 necessitatem?
934 1529 1033 1548 omnes
1060 1519 1174 1554 quidem
1202 1517 1330 1547 omnium
1359 1517 1484 1554 gentium
1512 1518 1642 1546 homines

122 1570 249 1600 iudicant
266 1578 294 1599 et
306 1578 454 1600 statuunt:
469 1572 524 1600 hoe
541 1581 602 1601 esse
616 1579 732 1609 potest,
745 1574 818 1602 illud
833 1574 872 1602 sit
885 1581 1004 1602 necesse
1022 1578 1084 1606 estg
1101 1572 1257 1606 eademque
1272 1571 1374 1599 norma
1390 1577 1490 1597 omnes
1507 1569 1643 1598 notiones

124 1630 210 1660 suas,
232 1632 332 1653 omnes
353 1623 430 1653 ideas
452 1624 630 1654 metiuntur:
650 1631 679 1654 at
695 1624 719 1654 si
735 1633 834 1655 verum
853 1630 914 1660 est,
939 1624 1018 1659 quod
1038 1630 1152 1652 narrant
1166 1643 1176 1658 ,
1199 1623 1289 1650 solem
1315 1629 1452 1657 quoque,
1474 1622 1593 1657 lunam,
1615 1627 1644 1649 et

1614 1679 1643 1699 a·-

141 1784 143 1787 ’
160 1781 224 1816 (¹)
243 1784 284 1809 De
304 1784 478 1815 quaestione,
498 1791 559 1810 num
578 1785 690 1818 spatium
708 1791 733 1810 et
752 1791 855 1816 tempus
875 1781 1011 1808 referenda
1030 1783 1080 1807 sint
1098 1781 1129 1807 ad
1147 1787 1269 1806 nostrum
1288 1779 1407 1805 intuendi
1425 1778 1532 1804 modum
1559 1776 1639 1809 (sen-

125 1828 298 1862 sualitatem)
316 1847 325 1860 ‚
342 1830 414 1862 quod
433 1831 544 1856 Kantius
574 1832 680 1861 statuit,
698 1838 728 1855 an
752 1829 783 1855 ad
812 1830 909 1855 formas
938 1828 1104 1860 intelligendi
1130 1827 1322 1861 (categorias)
1345 1826 1515 1859 pertineant,
1534 1830 1563 1849 ut
1584 1823 1655 1849 fert'

122 1875 235 1901 aliorum
252 1876 364 1908 opinio,
389 1875 445 1903 vid.
467 1877 595 1905 Platner.
619 1879 638 1904 l.
660 1878 678 1904 l.
696 1878 727 1908 I,
757 1876 858 1909 §.656,
878 1876 937 1908 697.
965 1881 991 1901 et
1010 1882 1076 1908 quos
1095 1875 1224 1907 plurimos
1244 1874 1281 1899 ibi
1294 1873 1390 1899 citavit
1408 1877 1540 1898 auctores.
1652 1875 1655 1876 ⁷

158 1920 199 1955 (2
212 1922 228 1955 )
252 1921 314 1950 V‘id.
337 1923 474 1954 Flamen,
498 1925 516 1949 l.
535 1925 553 1950 1.
577 1925 603 1957 ᾖ.
621 1930 683 1957 7¹3·
706 1924 731 1948 in
750 1929 807 1949 not.

139 1966 221 2002 .(3)
246 1968 308 1995 Vid.
335 1971 411 1995 etiam
429 1971 561 1996 subtiliter
579 1971 650 1995 huuc
669 1971 756 1995 locum
775 1970 1010 2002 perstringentem,
1030 1967 1193 2000 Maupertuis
1214 1967 1238 1992 in
1260 1966 1356 1992 litteris
1385 1964 1493 1991 annexis
1515 1962 1580 1995 parti
1603 1966 1642 1987 sie-

125 2013 225 2040 cundae
243 2015 328 2041 libelli
346 2015 420 2043 doct.
445 2016 555 2048 Villers,
574 2016 673 2043 Philos.
692 2016 724 2042 de
742 2016 812 2042 Kant
824 2034 832 2047 ,
851 2023 885 2041 ou
903 2016 1023 2048 princip.
1042 2013 1203 2040 fondament.
1222 2012 1254 2038 de
1271 2014 1295 2038 la
1312 2012 1485 2046 philosophie
1504 2014 1641 2035 transceu-

127 2059 231 2086 dentale
259 2069 285 2094 p.
304 2068 354 2095 430
373 2071 432 2096 sqq.

129 2151 132 2153 -
161 2105 225 2140 (4)
252 2108 311 2135 Vid.
337 2110 468 2141 Platner,
495 2111 514 2137 1.
531 2110 549 2137 1.
576 2108 603 2144 §-
621 2109 683 2137 661.
700 2116 761 2142 sqq.
783 2103 811 2140 S.
827 2114 895 2142 γορ,
914 2107 987 2134 alibi.

924 2153 950 2181 C
