1930 2448
357 97 586 129 ResPONsto
614 105 657 128 n>
685 94 998 136 QUAEs'moNEM
1023 98 1308 129 LITERARIAM.
1551 107 1590 137 39

89 195 91 197 ·
111 185 169 215 Sed
194 182 373 217 Gibbonus‚
406 191 471 211 cum
496 181 618 218 probare
643 183 753 218 vellet,
783 180 993 210 Bibliothecam
1020 183 1076 220 jam
1097 183 1177 219 prius
1204 182 1371 218 interiisse,
1391 181 1456 211 inde
1475 181 1587 219 praeci·

71 245 160 275 pnum
183 240 380 272 argumentum
402 233 556 270 repetivit,
582 234 660 269 quod
679 242 713 262 ex
730 232 816 262 variis
835 232 1004 261 auctoribus
1022 233 1204 263 manifestum
1224 242 1286 270 est,
1307 234 1385 263 illam
1401 240 1469 270 post
1486 233 1587 262 Theo-

72 288 185 319 dosium
203 295 263 316 non
286 285 425 314 extitisse.
466 285 562 321 Loci,
585 293 660 321 quos
679 283 792 320 adfert,
814 283 940 312 desumti
959 291 1026 313 sunt
1043 294 1078 313 ex
1097 285 1177 314 Aulo
1201 286 1300 315 Gellio
1321 286 1434 323 (31),
1456 286 1584 315 Ammia-

69 350 110 371 no
135 338 308 368 Marcellino
330 338 420 374 (32)
440 344 468 366 et
492 337 601 365 Orosio
622 339 685 374 (33
696 337 727 374 ).
773 335 889 364 Gellius
914 341 943 364 et
967 335 1137 365 Ammianus
1165 344 1290 366 statuere
1323 338 1478 373 videntur,
1507 338 1586 367 bello

69 389 266 422 Alexandrino
288 388 383 417 ambas
410 388 532 425 periisse
557 388 773 422 Bibliothecas,
804 393 832 415 et
858 387 1029 416 Ammianus
1058 387 1209 416 manifeste
1234 389 1350 425 Sei-apel
1375 389 1584 418 Bibliotliecam

70 451 138 475 cum
162 441 322 471 Bruchiana
352 440 516 470 confundit.
558 442 620 473 Imo
646 444 761 469 constat
785 446 800 466 a
827 437 950 467 Caesare
974 439 1110 476 majorem
1131 446 1241 468 tantum
1273 440 1482 470 Bibliothecam
1505 449 1586 470 com-

70 495 187 526 bustam
205 501 267 521 esse
279 513 289 528 ,
303 501 397 528 neque
411 491 534 520 fortasse
552 490 667 528 penitus
685 490 806 527 periisse
817 511 828 526 ‚
845 490 983 520 minorem
1001 501 1071 522 vero
1088 493 1206 522 omnino
1222 500 1361 522 servatam
1379 503 1463 531 esse;
1488 501 1516 524 et
1532 495 1586 524 sub

67 549 249 584 Imperatore
279 543 449 573 Domitiano
475 543 695 578 Bibliothecae,
725 549 869 578 tamquam
899 543 1018 573 omnino
1051 544 1201 582 florentis,
1228 545 1259 574 in
1292 545 1433 574 Suetonio
1461 545 1586 575 vidimus

70 596 244 628 mentionem
266 595 351 632 (34)
379 601 409 624 et
431 594 562 630 quamvis
586 594 740 630 Serapeum
761 594 796 623 ab
822 594 973 632 Episcopo
1000 595 1169 633 Theophilo
1193 597 1320 626 dirutum
1347 597 1404 633 sit,
1433 598 1519 627 credo
1545 606 1589 627 ta·

70 656 137 678 men
163 656 198 676 ex
213 648 280 675 loco
301 645 401 674 Orosii
415 646 487 675 effici
508 654 598 682 posse
620 645 829 675 Bibliothecam
853 654 948 682 neque
969 653 1039 676 tunc
1063 647 1183 677 omnino
1205 648 1325 685 periisse
1345 649 1410 686 (35
1419 649 1447 685 ).
1490 648 1548 678 Sed
1562 649 1589 677 si

70 698 252 729 Bibliotheca
279 697 315 726 ad
334 703 450 734 tempus
474 706 568 734 usque
591 696 690 726 Orosii
713 705 748 725 ex
778 697 913 727 omnibus
936 697 1077 728 incendiis
1099 706 1128 728 et
1151 700 1360 730 calamitatibus
1386 704 1499 738 integra
1522 710 1590 731 eva-

71 750 162 786 serit,
182 750 269 787 huJus
287 756 381 778 tamen
397 749 550 786 scriptoris
566 749 764 780 testimonium
779 756 957 787 postremum
976 757 1019 779 est
1031 771 1042 785 ‚
1067 751 1147 787 quod
1161 752 1195 780 de
1211 751 1260 780 illa
1275 751 1445 782 invenerim.
1485 752 1590 790 Suspi—

69 808 173 832 centur
197 800 322 830 fortasse
343 801 478 830 nonnulli
503 801 581 839 apud
606 801 772 839 Scriptores
797 802 1019 832 Ecclesiasticos
1041 803 1135 840 quinti
1161 811 1191 833 et
1214 804 1288 833 sexti
1314 805 1421 834 saeculi
1449 807 1532 841 plura
1553 805 1591 834 il·

71 851 129 882 lius
154 851 276 889 vestigia
301 851 442 890 inveniri3
474 853 525 882 sed
549 853 703 890 cogitent,
731 853 829 883 Patres
850 854 1074 884 Ecclesia-sucos
1101 864 1188 891 opera
1206 864 1258 885 sua
1282 856 1353 885 adeo
1373 857 1530 892 replevisse
1556 857 1593 886 li·

72 902 174 939 tibus,
194 903 432 933 contentionibus
449 913 480 934 ac
499 905 746 942 disputationibus
763 905 798 935 de
822 906 997 943 argumentis
1025 906 1217 943 Theologicis
1229 928 1240 943 ,
1262 914 1295 936 ut
1321 908 1520 938 Bibliothecae
1538 909 1593 937 ali·

71 955 155 992 cujus
173 954 349 984 mentionem
364 955 449 992 pensi
474 964 534 986 non
557 957 707 986 haberent.
747 957 964 993 Deplorandum
987 964 1082 986 tamen
1109 966 1175 992 est,
1198 959 1278 993 quod
1302 967 1362 988 non
1385 959 1510 995 aliquam
1533 962 1590 988 sal-

72 1011 130 1035 tem
156 1005 210 1034 olii
227 1012 357 1042 partem,
378 1005 514 1036 taediosis
534 1006 592 1036 illis
617 1007 853 1044 persecutionum
868 1017 900 1036 ac
926 1008 1118 1037 conciliorum
1143 1008 1388 1046 descriptionibus
1413 1011 1590 1048 detractam,

71 1055 162 1088 veteri
184 1056 251 1085 huic
270 1056 466 1086 Alexandrino
487 1057 622 1087 instituto
647 1059 897 1089 commemorando
915 1059 1126 1090 insumserunt.

109 1106 221 1136 Interea
246 1107 297 1136 Cl.
318 1107 503 1137 Reinhardus
529 1118 639 1138 summa
660 1118 729 1139 cura
756 1117 786 1139 et
808 1110 955 1147 diligentia
977 1119 1027 1140 eos
1053 1110 1210 1148 scriptores
1237 1111 1406 1148 pervolvit,
1428 1111 1458 1141 in
1482 1112 1594 1148 quibus

71 1167 103 1194 se
118 1158 189 1192 novi
216 1139 306 1196 qiud,
326 1161 362 1189 de
380 1161 547 1191 novissimis
571 1161 768 1192 Bib110thecae
786 1162 966 1200 temporibus
993 1169 1174 1199 reperturum
1203 1162 1358 1199 sperabat3
1381 1169 1410 1191 et
1428 1163 1514 1200 hujus
1541 1172 1590 1192 co-

72 1209 187 1242 natibus
216 1219 277 1240 non
301 1211 395 1241 omnis
418 1220 572 1242 successus
593 1213 699 1243 defuit.
739 1214 833 1252 Igitur
855 1215 931 1244 duos
954 1213 1066 1243 invenit
1089 1215 1195 1250 locos,
1217 1215 1337 1243 alterum
1358 1214 1499 1252 Johannis
1521 1214 1591 1243 Phi-

70 1261 196 1304 loponi,
218 1263 338 1292 alterum
366 1263 516 1293 Ammonii
536 1264 714 1301 Hermaeae,
741 1274 757 1294 e
780 1265 886 1301 quibus
911 1272 1049 1302 apparet,
1079 1265 1287 1295 Bibliothecam
1313 1265 1342 1294 id
1365 1264 1506 1300 temporis
1529 1273 1593 1294 non

35 1322 37 1326 ’
71 1313 197 1350 amplius
225 1313 366 1344 extitisse.
410 1314 595 1353 'Philoponus
621 1316 758 1353 quidem,
788 1318 872 1354 cujus
902 1324 960 1345 tam
989 1325 1106 1354 magnae
1129 1323 1198 1346 sunt
1219 1324 1338 1354 partes,
1369 1317 1400 1346 in
1425 1317 1591 1346 narratione

69 1362 269 1401 Abulfaragii,
290 1364 322 1394 in
344 1366 511 1396 comment.
533 1368 569 1396 ad
584 1367 754 1396 Aristotelis
776 1368 897 1404 Analyt.
920 1376 969 1404 pr.
993 1377 1022 1397 1.
1052 1367 1108 1398 501.
1134 1378 1163 1398 2.
1185 1369 1221 1398 B.
1242 1369 1330 1406 φασὶν
1351 1370 1386 1402 ὥς
1408 1369 1593 1405 τεσσαράκον-

71 1425 112 1445 tu
128 1415 216 1452 ἑυρέθη
235 1419 289 1447 τῶν
306 1418 475 1450 &mortar
491 1419 586 1455 βίβλα
600 1420 629 1449 ἐν
645 1423 710 1453 ταῖς
733 1423 869 1454 πωλαῑαις
890 1420 1103 1457 βιβλιοθήκαις,
1124 1420 1172 1450 καὶ
1194 1421 1231 1451 τὰ
1254 1421 1375 1457 τέσσαρσι
1399 1421 1471 1457 μόνα
1495 1422 1594 1450 ταῦτα

1208 1480 1213 1484 ·
1524 1473 1595 1509 rupl-

103 1551 188 1588 (21)
211 1553 308 1586 Ingens
332 1562 426 1589 postea
452 1563 580 1584 numerus
602 1558 734 1585 librorum
755 1559 785 1585 in
800 1558 928 1592 Aegypto
944 1566 958 1584 a
974 1559 1137 1586 Ptolemaeis
1161 1559 1284 1592 Regibus
1310 1561 1354 1586 vei-
1366 1561 1528 1592 conquisitus
1546 1562 1593 1586 vel

74 1597 218 1626 confectus
246 1607 287 1627 est
303 1600 335 1626 ad
355 1603 437 1629 millia
457 1603 539 1630 ferme
556 1606 722 1632 voluminum
741 1606 928 1640 septingenta3
955 1603 1004 1631 sed
1020 1612 1050 1631 ea
1074 1606 1160 1631 omnia
1176 1606 1251 1631 bello
1269 1606 1362 1639 priore
1386 1605 1595 1639 Alexandrino,

70 1642 133 1672 dum
150 1646 277 1680 diripitur
302 1654 332 1672 ea
350 1649 462 1682 civitas,
490 1658 542 1676 non
568 1658 664 1685 sponte
690 1659 778 1686 neque
794 1659 877 1686 opera
894 1653 1015 1678 consulta
1026 1671 1035 1684 ,
1053 1652 1100 1678 sed
1118 1660 1131 1678 a
1148 1653 1278 1679 militibus
1297 1652 1370 1680 forte
1386 1653 1534 1681 auxiliariis
1551 1654 1592 1678 in.

71 1697 153 1718 censa
173 1699 244 1719 sunt.
279 1694 377 1720 Aulius
395 1695 501 1723 Gellius
519 1697 604 1725 Noct.
622 1698 709 1726 Attic.
727 1699 775 1726 V1.
795 1706 820 1726 c.
840 1706 886 1732 17.

81 1743 84 1747 '
104 1737 193 1772 (32)
216 1740 368 1766 Ammianus
396 1741 577 1769 Marcellinus
591 1745 680 1771 XXII.
696 1752 724 1772 c..
738 1746 781 1773 16.
815 1746 891 1771 luter
911 1751 978 1778 quae
997 1745 1144 1780 (templa)
1162 1746 1265 1772 eminet
1284 1745 1431 1778 serapeum
1446 1762 1596 1774 ......

71 1785 176 1818 inquo
196 1785 300 1812 fuerint
324 1787 510 1815 bibliothecae
533 1791 757 1822 inaestimabilest,
784 1797 811 1816 et
834 1792 957 1824 loquitur
983 1800 1218 1819 monumentorum
1241 1799 1367 1819 veterum
1392 1794 1539 1820 concinens
1562 1792 1591 1817 fi-

70 1830 133 1864 ies,
157 1833 326 1865 septingenta
341 1835 503 1861 volu-minum
519 1837 617 1869 millia,
645 1837 805 1864 Ptolemaeis
827 1839 942 1872 regibus
955 1839 1056 1872 vigiliis
1072 1841 1183 1867 intentis
1200 1840 1370 1874 composita‚
1383 1840 1459 1867 bello
1477 1841 1591 1867 Alexan,

70 1877 166 1911 drino,
184 1877 245 1905 dam
268 1880 394 1914 diripitur
419 1881 534 1913 civitas,
557 1882 607 1908 sub
627 1884 770 1911 Dictatore
789 1885 905 1912 caesare
930 1886 1125 1920 emillagrasae.

105 1923 188 1959 (3³)
214 1926 349 1958 Orosius,
372 1927 433 1954 Lib.
451 1927 498 1953 VI.
525 1935 549 1956 c.
571 1935 614 1962 15.

104 1970 190 2005 (34)
215 1971 279 1999 Vid.
294 1980 363 2006 quae
379 1981 461 2007 suprav
480 1972 513 1999 de
539 1975 587 2002 illo
605 1976 725 2005 Suetonii
746 1980 809 2006 loco
836 1978 969 2009 diximus,

106 2015 191 2053 (35)
213 2017 280 2047 viu.
294 2026 374 2053 supa-a
396 2026 478 2054 caput
490 2028 523 2049 2.
