1930 2448
299 141 337 173 5ο
535 133 828 165 BOUDEWINI
848 131 1055 163 DONKER
1076 131 1303 166 CURTIUS
1326 144 1368 166 w·
1391 145 1421 167 Β.
1444 145 1572 174 rull,

300 218 408 256 positio
429 218 516 255 igitur
542 217 614 253 erit,
636 217 664 246 in
688 225 743 253 qua
766 216 837 245 illud
860 221 1000 252 punctum
1023 216 1102 244 nulla
1126 215 1238 246 actione
1262 217 1418 249 afficietur:
1441 220 1470 250 in
1493 221 1543 250 tali
1568 220 1642 251 enim
1663 220 1812 259 positione

299 269 363 299 illae
384 270 510 299 actiones
537 269 694 298 contrariae
722 278 784 298 sese
812 268 935 298 invicem
961 268 1122 297 destruunt.
1166 269 1230 298 Hoc
1259 269 1348 299 limite
1371 277 1572 308 transgresso,
1594 271 1668 301 actio
1691 273 1811 304 maxima

299 321 333 350 ad
355 320 432 349 illam
459 320 512 350 erit
536 320 763 356 extremitatem,
785 321 819 349 ad
848 329 932 356 quam
958 320 1022 349 illae
1046 320 1297 356 compensationes
1315 320 1433 351 fuerunt
1457 323 1597 353 minimae.

335 370 413 400 Haec
442 371 537 401 omnia
560 379 670 401 tantum
698 373 731 401 de
752 372 960 408 superficiebus
984 371 1172 401 exterioribus
1200 373 1343 410 diximus;
1367 373 1440 402 idem
1467 381 1560 403 autem
1584 376 1680 404 locum
1708 375 1814 405 habere

297 430 395 460 potest
416 423 445 452 in
474 424 683 460 superficiebus
709 424 896 453 interim-Ibus
922 424 987 452 axin
1014 423 1283 461 circumdantibus3
1305 425 1357 454 hae
1386 425 1459 454 enim
1486 426 1660 455 considerari
1687 433 1813 464 possunt

299 482 431 510 tanquam
457 475 598 504 actionem
630 475 846 512 superficierum
876 475 1049 504 exteriorum
1075 484 1231 513 augentes,
1264 484 1291 506 et
1315 477 1447 514 quoniam
1473 478 1723 514 compensationes
1747 479 1814 508 illae

300 526 373 555 fiunt
396 526 426 555 in
450 527 634 563 portionibus
660 527 771 556 infinite
795 527 891 564 parvis
917 528 1017 556 harum
1045 528 1282 564 superficierum,
1304 529 1387 558 facile
1415 529 1479 558 inde
1506 529 1604 566 colligi
1627 535 1726 566 potest
1747 529 1821 560 illas*

298 586 416 614 quoque
438 578 500 607 fieri
521 588 607 614 posse
626 578 654 607 in
680 579 813 607 omnibus
839 579 1029 616 Magnetibus
1055 583 1255 620 cujuscunque
1278 583 1385 612 formae
1406 583 1467 621 (41
1482 583 1510 621 )·

333 634 382 663 Ex
410 634 490 662 hisce
512 634 663 669 sequitur,
685 633 825 661 actionem
854 631 1001 669 Magnetis
1025 633 1055 662 in
1081 641 1218 669 punctum
1245 635 1386 670 quoddam
1407 634 1458 670 T,
1479 636 1526 664 vel
1546 635 1575 664 in
1598 640 1739 671 punctum
1757 633 1814 662 flu·

296 691 383 712 xuum
406 683 478 712 alius
502 682 671 719 Magnetis,
694 682 817 711 residere
846 682 874 711 in
894 683 1082 719 portionibus
1107 685 1290 721 superficiei,
1313 685 1457 714 similibus
1485 685 1671 722 portionibus
1692 683 1809 714 CKNO

297 741 324 762 et
343 734 458 768 DRSI,
480 734 514 762 ad
539 733 731 762 extremitates
756 733 902 770 Magnetis
922 743 1034 771 semper
1059 735 1143 771 sitis,
1169 746 1224 772 qua
1252 745 1287 765 ex
1304 736 1532 766 consideratione
1554 742 1634 773 patet
1658 734 1752 772 ratio,
1771 732 1811 763 ob

297 793 380 821 quam
401 784 568 823 Magnetum
590 785 666 815 actio
687 785 724 814 ad
746 787 938 816 extremitates
963 796 1062 816 eorum
1090 795 1238 817 contracta
1259 788 1372 817 videtur
1393 788 1496 826 (42).

620 1037 928 1075 CAPUT
1035 1037 1500 1084 QUINTUM.

387 1168 429 1190 DE
451 1170 659 1191 EFFECTIBUS
682 1169 858 1191 TENSIONIS
886 1169 1101 1190 ELECTRICAE
1117 1181 1126 1196 3
1150 1169 1334 1199 EORUMQUE
1357 1166 1618 1190 COMPARATIONE
1641 1165 1715 1188 CUM

865 1220 1029 1241 smuLIBUS
1057 1221 1076 1241 Ε
1108 1220 1234 1241 FLUXU·

290 1301 475 1363 Absoluta
492 1335 673 1371 expositione
690 1334 817 1363 theoriae
837 1335 903 1363 Cel.
926 1333 1074 1368 Ampe-re,
1096 1340 1183 1369 atque
1204 1333 1356 1362 effectuum
1378 1332 1474 1361 fluxus
1490 1330 1651 1367 Elem-ici,
1671 1329 1707 1359 ad
1722 1329 1820 1366 illos,

293 1383 342 1419 qui
364 1384 497 1414 tensione
523 1385 667 1414 Electrica
691 1386 913 1422 producuntur,
934 1391 1014 1414 nunc
1041 1383 1129 1412 nobis
1157 1390 1201 1412 est
1225 1383 1438 1412 transeandum.

328 1434 406 1464 Inter
429 1436 585 1465 Chemicos
609 1437 704 1465 fluxus
731 1436 850 1465 effectus
879 1434 1158 1472 dacoinpositionem
1186 1445 1276 1472 aquae
1302 1442 1330 1463 et
1356 1435 1503 1464 acidorum
1527 1431 1700 1468 retuliinus3
1733 1430 1815 1460 simi·

289 1489 316 1517 le
342 1488 412 1523 quid
439 1488 468 1517 in
493 1489 624 1518 tensione
651 1489 791 1518 occurrit.
835 1488 866 1517 Si
887 1489 945 1517 duo
977 1487 1024 1516 fila
1047 1488 1206 1522 metallica,
1229 1487 1259 1516 in
1281 1493 1388 1523 puncta
1409 1485 1576 1514 tenuissima
1603 1482 1752 1518 finienda,
1779 1483 1811 1512 in

290 1548 391 1575 aquam
416 1539 641 1575 immergantur,
665 1548 789 1575 quorum
813 1540 932 1567 alterum
958 1538 1156 1568 Electricitate
1181 1538 1330 1575 positiva,
1353 1539 1472 1566 alterum
1496 1535 1627 1572 negativa
1651 1541 1695 1563 est
1725 1534 1815 1563 dona·

289 1596 350 1618 tum
362 1611 371 1625 ‚
389 1598 416 1619 et
437 1591 461 1619 si
477 1590 506 1619 in
525 1589 664 1618 machinis
679 1589 832 1618 Eiectticis
850 1590 1002 1618 ordinariis
1028 1597 1143 1619 centum
1159 1591 1219 1619 fere
1237 1591 1306 1620 fiant
1327 1589 1446 1618 laminae
1464 1589 1569 1617 vitreae
1588 1586 1785 1616 revolutiones
1799 1606 1811 1622 ,

289 1641 407 1677 aliquod
431 1651 521 1678 aquae
546 1641 805 1678 decompositionis
831 1642 1050 1678 phaenomenon
1071 1644 1252 1672 observatur.
1295 1641 1353 1670 Sed
1378 1649 1467 1676 qunm
1494 1648 1543 1676 gas
1569 1637 1742 1675 oxygenium
1760 1645 1810 1674 ap-

288 1700 387 1728 parere
414 1693 530 1722 deberet
554 1694 589 1722 ad
612 1693 691 1722 filum
716 1693 895 1729 positivum,
918 1694 1128 1731 hydrogenium
1153 1695 1188 1723 ad
1206 1692 1390 1729 negativum,
1411 1691 1436 1720 si
1459 1690 1505 1719 hic
1528 1688 1668 1718 tensionis
1688 1687 1809 1717 effectus

288 1751 352 1771 cum
381 1743 465 1772 simili
490 1753 505 1772 e
532 1745 613 1773 fluxu
636 1746 805 1780 conveniat,
838 1751 938 1773 contra
968 1753 1077 1774 tantum
1101 1747 1148 1775 vel
1175 1743 1350 1781 oxygenium
1380 1751 1429 1779 gas
1460 1742 1507 1771 vel
1540 1739 1750 1776 hydrogenium
1776 1739 1811 1768 ad

287 1800 442 1831 utrumque
469 1795 548 1824 filum
575 1796 767 1833 observatur,
798 1796 836 1825 ita
860 1802 891 1825 ut
922 1797 977 1826 hoc
1006 1798 1226 1834 phaenomenon
1255 1796 1285 1825 in
1315 1802 1436 1831 utraque
1467 1792 1672 1823 Electrieitatis
1710 1792 1808 1828 specie

287 1845 405 1874 omnino
430 1847 466 1875 sit
487 1847 646 1877 diversum.

325 1896 404 1924 Haec
438 1897 588 1927 diversitas
616 1907 650 1926 ex
679 1899 790 1928 minore
823 1899 987 1928 intensitate
1016 1899 1244 1935 Electricitatis‚
1271 1899 1325 1928 sub
1351 1896 1492 1927 tensionis
1522 1895 1644 1924 formam
1670 1894 1804 1931 agentis,

287 1946 356 1976 oriri
381 1956 517 1985 apparet:
541 1956 656 1979 centum
678 1950 752 1980 enim
775 1951 960 1988 requiruntur
984 1952 1182 1982 revolutiones
1204 1950 1323 1980 laminae
1351 1949 1480 1984 vitreae,
1504 1954 1536 1976 ut
1557 1945 1661 1983 aliquis
1681 1945 1800 1975 effectus

320 2092 400 2129 (4¹)
428 2094 474 2121 Cf.
501 2095 597 2128 Expose
615 2101 662 2124 etc.
688 2097 714 2131 §.
732 2103 765 2129 39
784 2102 809 2122 et
825 2104 868 2129 4²·
1163 2095 1244 2132 (42)
1267 2097 1312 2124 Cf.
1330 2096 1428 2130 Exposd
1444 2101 1491 2122 etc.
1517 2095 1545 2129 ς.
1564 2101 1608 2127 4ο.
