1961 2438
315 112 337 144 6
873 104 1223 138 SERIES

409 196 595 230 Memorium
622 195 747 227 secandi
770 194 941 232 Cadavera,
961 191 1097 223 hiberno
1122 196 1284 231 tempore,
1310 186 1453 229 quotidie
1472 187 1513 220 ab
1531 189 1608 221 hora
1625 188 1665 219 ΙΙΙ
1683 188 1723 219 ad
1734 190 1772 221 V.

403 251 541 282 Vacante
565 249 747 281 adhucdum
774 248 951 288 Cathedra,
982 244 1145 278 Botauices
1176 239 1383 273 fundamenta
1404 263 1413 279 ‚
1448 240 1561 274 diebus
1592 244 1700 274 Lunae
1734 248 1766 274 et

445 303 612 340 Mercurii,
636 301 713 332 liora
733 304 757 334 Ι.

397 357 577 388 Plantarum
603 355 787 393 historiam,
812 364 913 385 verno
931 359 1073 394 tempore
1096 349 1271 387 matutino,
1295 345 1375 377 hora
1392 346 1461 379 VH.

314 412 341 453 J.
376 411 415 444 C.
446 410 472 440 Κ
485 408 674 446 RAUSS,
703 407 865 438 Materiem
882 405 1037 436 Medicam
1061 402 1225 440 tractabit,
1250 398 1363 432 dicbus
1385 400 1516 437 Lunae,
1538 399 1668 438 Martis,
1691 400 1774 431 Mer-

359 463 438 493 curii
468 469 498 492 et
521 463 627 500 Jovis,
652 461 729 492 hora
747 463 770 493 l.

403 515 574 557 Thempiae
613 513 750 544 'tledicae
778 516 941 555 praecepta
957 534 967 550 ‚
997 510 1031 540 in
1056 509 1159 552 specie
1185 507 1268 539 circa
1292 503 1423 537 morbos
1445 504 1633 543 chronicus,
1665 503 1778 537 diebus

445 569 569 604 Lunae,
591 567 717 603 Martis,
739 565 824 595 Jovis
846 569 877 594 et
900 563 1053 600 Veneris,
1077 561 1155 592 hora
1172 563 1211 593 X.

401 620 562 650 Mater-iem
589 619 790 648 Diaeteticam
817 614 866 646 bis
885 626 941 657 per
967 617 1177 657 septimanam
1204 614 1282 645 hora
1301 610 1500 645 auditoribus
1525 610 1704 643 commoda.

319 673 345 715 J.
369 673 407 704 C.
432 673 467 703 Β,
491 669 779 707 BERNARD,
811 668 1026 711 Pathologiam
1053 667 1198 706 docebit,
1223 667 1336 699 diebus
1351 668 1480 705 Lunae,
1502 665 1632 703 Martis,
1653 665 1781 696 Mercu·

362 727 401 756 rii
424 732 454 755 et
476 725 584 760 Jovis,
610 722 687 752 hora
709 724 787 754 vm.

400 777 591 809 Medicinam
629 775 798 805 Praeticam
830 786 904 806 cum
937 775 1166 807 exercitatione
1198 775 1233 806 in
1264 774 1459 808 Nosocomio
1485 770 1682 805 Academico
1715 771 1782 803 sin·

454 829 537 872 gulis
560 828 694 866 diebus,
719 828 797 859 hora
814 828 869 860 lX.

635 938 1024 976 FACULTAS
1084 937 1468 978 JURIDICA.‘

321 1043 363 1076 N.
389 1041 799 1075 SMALLENBURG
831 1041 1021 1082 pandectas,
1052 1042 1229 1074 secundum
1259 1051 1645 1081 was-ramnnaomu,
1672 1047 1785 1074 tracta·

361 1095 426 1133 bit,
448 1095 560 1126 diebus
584 1097 710 1133 Lunae,
734 1096 865 1132 Martis,
896 1094 1065 1134 Mercurii,
1094 1097 1183 1126 Jovis
1209 1101 1241 1127 et
1263 1095 1419 1135 Veneris,
1440 1093 1519 1125 hora
1534 1096 1574 1128 X.

385 1147 622 1187 Institutiones,
647 1148 756 1179 iisdem
780 1147 910 1186 diebus,
934 1147 1012 1178 hora
1026 1150 1080 1180 XI.

405 1201 522 1230 Primas
543 1204 655 1232 Line-as
677 1203 761 1233 Juris
788 1200 903 1232 Civilis
921 1201 1118 1241 Hollandici,
1141 1202 1159 1233 ὲ
1181 1213 1214 1233 se
1238 1201 1357 1241 editas,
1379 1199 1568 1245 explicabit,
1590 1198 1702 1231 diebus
1719 1200 1783 1231 Lu-

450 1263 528 1289 nae,
553 1254 680 1291 Martis,
704 1254 853 1284 Mercurii
876 1260 907 1284 et
930 1255 1034 1294 Jovis,
1057 1254 1135 1285 hora
1153 1256 1222 1287 ΧΠ.

322 1304 359 1336 E.
384 1304 682 1346 HAGEMAN,
706 1308 738 1338 iu
767 1313 924 1349 quantum
950 1313 1033 1337 aetas
1066 1312 1097 1337 et
1124 1305 1272 1338 valetudo
1296 1307 1495 1349 permittent,
1530 1305 1644 1338 diebus
1666 1311 1697 1337 et
1726 1304 1786 1336 ho-

365 1357 408 1386 ris
426 1366 533 1398 postea
553 1359 751 1398 indicandis,
775 1360 934 1391 studiosae
958 1361 1121 1390 Juventuti
1149 1358 1296 1401 prodesse
1317 1358 1495 1391 conabitur.

320 1409 347 1449 J.
370 1409 418 1440 M.
443 1409 689 1450 KEMPER,
718 1414 773 1443 Jus
800 1414 937 1445 Naturae
958 1411 1147 1455 explicabit,
1180 1411 1293 1444 diebus
1320 1413 1451 1453 Lunae,
1474 1411 1607 1451 Martis,
1635 1410 1782 1443 Mercurii

365 1468 395 1492 et
418 1464 523 1501 Jovis,
549 1463 626 1494 hora
648 1465 702 1497 IV.

407 1516 463 1545 Jus
485 1517 636 1547 Gentium
666 1524 697 1549 et
726 1517 915 1558 Publicum,
947 1518 1059 1550 iisdem
1088 1516 1220 1556 diebus,
1243 1516 1322 1549 hora
1340 1517 1398 1553 IX.

404 1569 460 1598 Jus
488 1569 679 1606 Criminahe,
703 1571 814 1602 iisdem
839 1571 969 1609 diebus,
997 1572 1075 1602 hora
1095 1572 1176 1602 Vffl.

320 1621 361 1654 1⁷1.
385 1622 425 1653 G.
450 1622 722 1656 TYDENIAN
754 1624 1035 1669 Encyclopaediam
1066 1623 1149 1655 Juris
1188 1621 1340 1661 docebit,
1371 1621 1485 1656 d1ebus
1516 1625 1646 1665 Lunae,
1676 1627 1786 1667 Martis

364 1683 393 1705 et
417 1676 564 1713 Veneris,
590 1675 668 1707 hora
686 1678 708 1708 l.

408 1729 620 1759 Oeconomiae
645 1729 792 1760 Politicae
811 1729 967 1773 principia
984 1729 1104 1768 tradet,
1131 1729 1244 1761 diebus
1267 1729 1384 1761 Martis
1399 1735 1430 1760 et
1446 1730 1617 1769 Mercurii,
1640 1731 1716 1763 hora
1728 1733 1786 1767 XI.

404 1782 574 1810 Historiam
603 1780 762 1823 politicam
781 1783 966 1814 summatim
986 1784 1163 1822 enarrabit,
1188 1783 1301 1814 diebus
1321 1783 1430 1813 Lunae
1456 1789 1487 1813 et
1509 1785 1614 1822 Jovis,
1631 1785 1708 1816 hora
1729 1787 1784 1819 Xl.

404 1832 590 1863 Slatisticam
618 1834 736 1864 Patriae
764 1833 939 1876 describet,
968 1836 1082 1869 diebus
1109 1838 1231 1873 Lunae,
1270 1836 1402 1874 Martis,
1436 1836 1584 1868 Mercurii
1616 1844 1647 1869 et
1678 1839 1784 1878 Jovis,

445 1885 523 1915 hora
544 1886 597 1916 W.

405 1937 452 1965 De
477 1937 681 1968 Lectionibus
705 1940 789 1972 Juris
813 1943 1013 1984 Mercatorii,
1038 1943 1165 1983 aliisve,
1190 1953 1271 1987 quae
1291 1941 1372 1975 forte
1391 1942 1628 1982 desiderentur,
1654 1944 1787 1976 ulterius

444 1994 629 2024 constituet.

1725 2051 1762 2083 C.
