<?xml version="1.0" encoding="UTF-8"?>
<!DOCTYPE html PUBLIC "-//W3C//DTD XHTML 1.0 Transitional//EN"
    "http://www.w3.org/TR/xhtml1/DTD/xhtml1-transitional.dtd">
<html xmlns="http://www.w3.org/1999/xhtml" xml:lang="en" lang="en">
 <head>
  <title>
</title>
<meta http-equiv="Content-Type" content="text/html;charset=utf-8" />
  <meta name='ocr-system' content='tesseract 3.04.00' />
  <meta name='ocr-capabilities' content='ocr_page ocr_carea ocr_par ocr_line ocrx_word'/>
</head>
<body>
  <div class='ocr_page' id='page_1' title='image "annalesacademiae22rijk_0216.png"; bbox 0 0 1930 2448; ppageno 0'>
   <div class='ocr_carea' id='block_1_1' title="bbox 258 106 1556 158">
    <p class='ocr_par' dir='ltr' id='par_1_1' title="bbox 258 106 1556 158">
     <span class='ocr_line' id='line_1_1' title="bbox 258 106 1556 158; baseline -0.003 -14"><span class='ocrx_word' id='word_1_1' title='bbox 258 129 297 158; x_wconf 72' lang='lat'>44</span> <span class='ocrx_word' id='word_1_2' title='bbox 494 108 790 144; x_wconf 75' lang='lat' dir='ltr'>BOUDEW1N1</span> <span class='ocrx_word' id='word_1_3' title='bbox 815 106 1027 141; x_wconf 88' lang='lat' dir='ltr'>DONKER.</span> <span class='ocrx_word' id='word_1_4' title='bbox 1060 106 1284 140; x_wconf 88' lang='lat' dir='ltr'>CURTIUS</span> <span class='ocrx_word' id='word_1_5' title='bbox 1309 119 1349 140; x_wconf 84' lang='lat' dir='ltr'>w.</span> <span class='ocrx_word' id='word_1_6' title='bbox 1373 119 1402 140; x_wconf 77' lang='lat' dir='ltr'>n·</span> <span class='ocrx_word' id='word_1_7' title='bbox 1425 117 1556 146; x_wconf 65' lang='grc' dir='ltr'>πιωῐ,</span> 
     </span>
    </p>
   </div>
   <div class='ocr_carea' id='block_1_2' title="bbox 261 188 1809 1569">
    <p class='ocr_par' dir='ltr' id='par_1_2' title="bbox 261 188 1783 283">
     <span class='ocr_line' id='line_1_2' title="bbox 261 188 1783 231; baseline -0.009 0"><span class='ocrx_word' id='word_1_8' title='bbox 261 208 391 231; x_wconf 85' lang='lat' dir='ltr'>centrum</span> <span class='ocrx_word' id='word_1_9' title='bbox 411 198 447 228; x_wconf 87' lang='lat' dir='ltr'>F.</span> <span class='ocrx_word' id='word_1_10' title='bbox 489 197 541 225; x_wconf 89' lang='lat' dir='ltr'>Ille</span> <span class='ocrx_word' id='word_1_11' title='bbox 559 202 655 224; x_wconf 86' lang='lat' dir='ltr'>motus</span> <span class='ocrx_word' id='word_1_12' title='bbox 676 195 784 223; x_wconf 88' lang='lat' dir='ltr'>nullam</span> <span class='ocrx_word' id='word_1_13' title='bbox 807 199 901 222; x_wconf 89' lang='lat' dir='ltr'>tamen</span> <span class='ocrx_word' id='word_1_14' title='bbox 920 191 979 221; x_wconf 89' lang='lat' dir='ltr'>vim</span> <span class='ocrx_word' id='word_1_15' title='bbox 999 191 1226 220; x_wconf 86' lang='lat' dir='ltr'>acceleratricem</span> <span class='ocrx_word' id='word_1_16' title='bbox 1248 191 1368 228; x_wconf 84' lang='lat' dir='ltr'>accipiet</span> <span class='ocrx_word' id='word_1_17' title='bbox 1380 202 1393 229; x_wconf 66' lang='lat'>3⁴</span> <span class='ocrx_word' id='word_1_18' title='bbox 1413 192 1476 221; x_wconf 89' lang='lat' dir='ltr'>talis</span> <span class='ocrx_word' id='word_1_19' title='bbox 1501 191 1575 221; x_wconf 85' lang='lat' dir='ltr'>enim</span> <span class='ocrx_word' id='word_1_20' title='bbox 1594 190 1638 220; x_wconf 84' lang='lat' dir='ltr'>vis</span> <span class='ocrx_word' id='word_1_21' title='bbox 1657 188 1783 226; x_wconf 72' lang='lat' dir='ltr'>singufis</span> 
     </span>
     <span class='ocr_line' id='line_1_3' title="bbox 263 243 1005 283; baseline -0.016 0"><span class='ocrx_word' id='word_1_22' title='bbox 263 251 416 283; x_wconf 87' lang='lat' dir='ltr'>momentis</span> <span class='ocrx_word' id='word_1_23' title='bbox 435 246 566 277; x_wconf 86' lang='lat' dir='ltr'>mercurii</span> <span class='ocrx_word' id='word_1_24' title='bbox 585 244 748 274; x_wconf 84' lang='lat' dir='ltr'>resistentia</span> <span class='ocrx_word' id='word_1_25' title='bbox 765 245 877 273; x_wconf 86' lang='lat' dir='ltr'>deletur</span> <span class='ocrx_word' id='word_1_26' title='bbox 898 244 963 282; x_wconf 80' lang='lat'>(27</span> <span class='ocrx_word' id='word_1_27' title='bbox 978 243 1005 280; x_wconf 78' lang='lat'>).</span> 
     </span>
    </p>

    <p class='ocr_par' dir='ltr' id='par_1_3' title="bbox 266 292 1787 596">
     <span class='ocr_line' id='line_1_4' title="bbox 306 292 1778 333; baseline -0.007 -1"><span class='ocrx_word' id='word_1_28' title='bbox 306 305 415 333; x_wconf 88' lang='lat' dir='ltr'>Fluxus</span> <span class='ocrx_word' id='word_1_29' title='bbox 445 299 619 330; x_wconf 87' lang='lat' dir='ltr'>descendens</span> <span class='ocrx_word' id='word_1_30' title='bbox 646 298 804 326; x_wconf 54' lang='lat' dir='ltr'>secun-ium</span> <span class='ocrx_word' id='word_1_31' title='bbox 833 296 911 325; x_wconf 84' lang='lat' dir='ltr'>filum</span> <span class='ocrx_word' id='word_1_32' title='bbox 934 295 983 324; x_wconf 93' lang='lat' dir='ltr'>LF</span> <span class='ocrx_word' id='word_1_33' title='bbox 1009 293 1080 332; x_wconf 78' lang='lat' dir='ltr'>(fig.</span> <span class='ocrx_word' id='word_1_34' title='bbox 1105 304 1140 331; x_wconf 80' lang='lat'>32</span> <span class='ocrx_word' id='word_1_35' title='bbox 1152 296 1179 330; x_wconf 77' lang='lat'>).</span> <span class='ocrx_word' id='word_1_36' title='bbox 1211 301 1321 331; x_wconf 77' lang='lat' dir='ltr'>practer</span> <span class='ocrx_word' id='word_1_37' title='bbox 1344 295 1439 324; x_wconf 86' lang='lat' dir='ltr'>fluxus</span> <span class='ocrx_word' id='word_1_38' title='bbox 1465 295 1668 323; x_wconf 76' lang='lat' dir='ltr'>transversales</span> <span class='ocrx_word' id='word_1_39' title='bbox 1694 292 1778 321; x_wconf 83' lang='lat' dir='ltr'>etiam</span> 
     </span>
     <span class='ocr_line' id='line_1_5' title="bbox 269 346 1787 392; baseline -0.007 -9"><span class='ocrx_word' id='word_1_40' title='bbox 269 354 408 392; x_wconf 86' lang='lat' dir='ltr'>quosdam</span> <span class='ocrx_word' id='word_1_41' title='bbox 438 350 573 388; x_wconf 80' lang='lat' dir='ltr'>producit</span> <span class='ocrx_word' id='word_1_42' title='bbox 600 350 695 378; x_wconf 87' lang='lat' dir='ltr'>fluxus</span> <span class='ocrx_word' id='word_1_43' title='bbox 724 348 896 383; x_wconf 79' lang='lat' dir='ltr'>verticales‚</span> <span class='ocrx_word' id='word_1_44' title='bbox 929 346 980 382; x_wconf 85' lang='lat' dir='ltr'>qui</span> <span class='ocrx_word' id='word_1_45' title='bbox 1004 347 1145 375; x_wconf 83' lang='lat' dir='ltr'>attrahent</span> <span class='ocrx_word' id='word_1_46' title='bbox 1172 347 1278 375; x_wconf 88' lang='lat' dir='ltr'>fluxum</span> <span class='ocrx_word' id='word_1_47' title='bbox 1305 347 1345 377; x_wconf 89' lang='lat' dir='ltr'>IE</span> <span class='ocrx_word' id='word_1_48' title='bbox 1380 346 1451 384; x_wconf 61' lang='grc' dir='ltr'>(ᾖὲ.</span> <span class='ocrx_word' id='word_1_49' title='bbox 1476 349 1561 383; x_wconf 82' lang='lat'>34),</span> <span class='ocrx_word' id='word_1_50' title='bbox 1594 353 1622 374; x_wconf 89' lang='lat' dir='ltr'>et</span> <span class='ocrx_word' id='word_1_51' title='bbox 1647 346 1787 382; x_wconf 86' lang='lat' dir='ltr'>repellent</span> 
     </span>
     <span class='ocr_line' id='line_1_6' title="bbox 266 396 1782 437; baseline -0.007 -2"><span class='ocrx_word' id='word_1_52' title='bbox 266 407 377 437; x_wconf 73' lang='lat' dir='ltr'>fluxum</span> <span class='ocrx_word' id='word_1_53' title='bbox 398 402 526 432; x_wconf 89' lang='lat' dir='ltr'><strong>DGHE.</strong></span> <span class='ocrx_word' id='word_1_54' title='bbox 567 401 688 430; x_wconf 90' lang='lat' dir='ltr'>Duabus</span> <span class='ocrx_word' id='word_1_55' title='bbox 715 399 794 429; x_wconf 83' lang='lat' dir='ltr'>hisce</span> <span class='ocrx_word' id='word_1_56' title='bbox 819 398 982 428; x_wconf 68' lang='lat' dir='ltr'>actionibus</span> <span class='ocrx_word' id='word_1_57' title='bbox 1008 398 1131 434; x_wconf 81' lang='lat' dir='ltr'>Magnes</span> <span class='ocrx_word' id='word_1_58' title='bbox 1150 398 1184 426; x_wconf 84' lang='lat' dir='ltr'>ad</span> <span class='ocrx_word' id='word_1_59' title='bbox 1203 405 1313 426; x_wconf 83' lang='lat' dir='ltr'>motum</span> <span class='ocrx_word' id='word_1_60' title='bbox 1330 398 1420 426; x_wconf 90' lang='lat' dir='ltr'>tendit</span> <span class='ocrx_word' id='word_1_61' title='bbox 1438 397 1467 426; x_wconf 90' lang='lat' dir='ltr'>in</span> <span class='ocrx_word' id='word_1_62' title='bbox 1483 397 1640 425; x_wconf 83' lang='lat' dir='ltr'>directione</span> <span class='ocrx_word' id='word_1_63' title='bbox 1656 396 1782 433; x_wconf 81' lang='lat' dir='ltr'>1E11G;</span> 
     </span>
     <span class='ocr_line' id='line_1_7' title="bbox 269 447 1783 493; baseline -0.006 -8"><span class='ocrx_word' id='word_1_64' title='bbox 269 465 300 488; x_wconf 82' lang='lat' dir='ltr'>et</span> <span class='ocrx_word' id='word_1_65' title='bbox 318 455 452 493; x_wconf 87' lang='lat' dir='ltr'>quoniam</span> <span class='ocrx_word' id='word_1_66' title='bbox 480 453 523 483; x_wconf 88' lang='lat' dir='ltr'>illi</span> <span class='ocrx_word' id='word_1_67' title='bbox 544 453 639 482; x_wconf 88' lang='lat' dir='ltr'>fluxus</span> <span class='ocrx_word' id='word_1_68' title='bbox 662 461 722 482; x_wconf 91' lang='lat' dir='ltr'>non</span> <span class='ocrx_word' id='word_1_69' title='bbox 751 459 788 479; x_wconf 83' lang='lat' dir='ltr'>ex</span> <span class='ocrx_word' id='word_1_70' title='bbox 811 450 947 487; x_wconf 80' lang='lat' dir='ltr'>Magnete</span> <span class='ocrx_word' id='word_1_71' title='bbox 970 456 1095 483; x_wconf 81' lang='lat' dir='ltr'>exeunt,</span> <span class='ocrx_word' id='word_1_72' title='bbox 1118 448 1201 477; x_wconf 86' lang='lat' dir='ltr'>facile</span> <span class='ocrx_word' id='word_1_73' title='bbox 1227 450 1318 484; x_wconf 86' lang='lat' dir='ltr'>liquet</span> <span class='ocrx_word' id='word_1_74' title='bbox 1345 449 1427 477; x_wconf 85' lang='lat' dir='ltr'>illum</span> <span class='ocrx_word' id='word_1_75' title='bbox 1453 455 1562 477; x_wconf 89' lang='lat' dir='ltr'>motum</span> <span class='ocrx_word' id='word_1_76' title='bbox 1588 455 1696 477; x_wconf 89' lang='lat' dir='ltr'>tantum</span> <span class='ocrx_word' id='word_1_77' title='bbox 1720 447 1783 476; x_wconf 86' lang='lat' dir='ltr'>fore</span> 
     </span>
     <span class='ocr_line' id='line_1_8' title="bbox 272 498 1786 541; baseline -0.006 -4"><span class='ocrx_word' id='word_1_78' title='bbox 272 507 453 540; x_wconf 79' lang='lat' dir='ltr'>rotativum‚</span> <span class='ocrx_word' id='word_1_79' title='bbox 476 505 525 541; x_wconf 75' lang='lat' dir='ltr'>qui</span> <span class='ocrx_word' id='word_1_80' title='bbox 549 504 622 533; x_wconf 86' lang='lat' dir='ltr'>nihil</span> <span class='ocrx_word' id='word_1_81' title='bbox 644 503 732 541; x_wconf 84' lang='lat' dir='ltr'>igitur</span> <span class='ocrx_word' id='word_1_82' title='bbox 759 501 789 531; x_wconf 91' lang='lat' dir='ltr'>in</span> <span class='ocrx_word' id='word_1_83' title='bbox 813 499 1002 537; x_wconf 83' lang='lat' dir='ltr'>phenornenis</span> <span class='ocrx_word' id='word_1_84' title='bbox 1027 499 1146 528; x_wconf 83' lang='lat' dir='ltr'>mutabit</span> <span class='ocrx_word' id='word_1_85' title='bbox 1156 520 1171 536; x_wconf 28' lang='lat' dir='ltr'>,J</span> <span class='ocrx_word' id='word_1_86' title='bbox 1189 500 1240 529; x_wconf 88' lang='lat' dir='ltr'>sed</span> <span class='ocrx_word' id='word_1_87' title='bbox 1268 499 1303 528; x_wconf 89' lang='lat' dir='ltr'>iis</span> <span class='ocrx_word' id='word_1_88' title='bbox 1327 506 1438 529; x_wconf 86' lang='lat' dir='ltr'>tantum</span> <span class='ocrx_word' id='word_1_89' title='bbox 1467 508 1571 529; x_wconf 83' lang='lat' dir='ltr'>novam</span> <span class='ocrx_word' id='word_1_90' title='bbox 1598 498 1655 528; x_wconf 86' lang='lat' dir='ltr'>vim</span> <span class='ocrx_word' id='word_1_91' title='bbox 1680 499 1786 536; x_wconf 77' lang='lat' dir='ltr'>addet3</span> 
     </span>
     <span class='ocr_line' id='line_1_9' title="bbox 273 545 1021 596; baseline -0.013 -7"><span class='ocrx_word' id='word_1_92' title='bbox 273 559 389 596; x_wconf 81' lang='lat' dir='ltr'>saepius</span> <span class='ocrx_word' id='word_1_93' title='bbox 407 563 500 587; x_wconf 85' lang='lat' dir='ltr'>tamen</span> <span class='ocrx_word' id='word_1_94' title='bbox 526 545 780 585; x_wconf 55' lang='lat' dir='ltr'>attritu&#39;mercurii</span> <span class='ocrx_word' id='word_1_95' title='bbox 797 559 877 581; x_wconf 85' lang='lat' dir='ltr'>totus</span> <span class='ocrx_word' id='word_1_96' title='bbox 899 552 1021 580; x_wconf 84' lang='lat' dir='ltr'>deletur.</span> 
     </span>
    </p>

    <p class='ocr_par' dir='ltr' id='par_1_4' title="bbox 274 602 1809 1156">
     <span class='ocr_line' id='line_1_10' title="bbox 315 602 1789 643; baseline -0.005 -3"><span class='ocrx_word' id='word_1_97' title='bbox 315 611 348 641; x_wconf 89' lang='lat' dir='ltr'>Si</span> <span class='ocrx_word' id='word_1_98' title='bbox 370 619 440 640; x_wconf 89' lang='lat' dir='ltr'>vero</span> <span class='ocrx_word' id='word_1_99' title='bbox 463 609 582 640; x_wconf 85' lang='lat' dir='ltr'>cochlea</span> <span class='ocrx_word' id='word_1_100' title='bbox 605 616 675 637; x_wconf 85' lang='lat' dir='ltr'>cava</span> <span class='ocrx_word' id='word_1_101' title='bbox 697 606 830 643; x_wconf 80' lang='lat' dir='ltr'>superlor</span> <span class='ocrx_word' id='word_1_102' title='bbox 854 604 1000 642; x_wconf 79' lang='lat' dir='ltr'>Magnetis</span> <span class='ocrx_word' id='word_1_103' title='bbox 1024 603 1173 633; x_wconf 83' lang='lat' dir='ltr'>mercurio·</span> <span class='ocrx_word' id='word_1_104' title='bbox 1195 603 1381 639; x_wconf 86' lang='lat' dir='ltr'>impleretur,</span> <span class='ocrx_word' id='word_1_105' title='bbox 1404 610 1433 632; x_wconf 87' lang='lat' dir='ltr'>et</span> <span class='ocrx_word' id='word_1_106' title='bbox 1458 604 1483 632; x_wconf 89' lang='lat' dir='ltr'>si</span> <span class='ocrx_word' id='word_1_107' title='bbox 1509 609 1649 640; x_wconf 85' lang='lat' dir='ltr'>punctum</span> <span class='ocrx_word' id='word_1_108' title='bbox 1673 602 1745 632; x_wconf 83' lang='lat' dir='ltr'>illud</span> <span class='ocrx_word' id='word_1_109' title='bbox 1765 603 1789 632; x_wconf 68' lang='lat' dir='ltr'>F</span> 
     </span>
     <span class='ocr_line' id='line_1_11' title="bbox 274 654 1790 702; baseline -0.005 -10"><span class='ocrx_word' id='word_1_110' title='bbox 274 662 348 702; x_wconf 82' lang='lat' dir='ltr'>(fig.</span> <span class='ocrx_word' id='word_1_111' title='bbox 373 662 430 699; x_wconf 78' lang='lat' dir='ltr'>32j</span> <span class='ocrx_word' id='word_1_112' title='bbox 451 661 481 691; x_wconf 89' lang='lat' dir='ltr'>in</span> <span class='ocrx_word' id='word_1_113' title='bbox 502 660 553 689; x_wconf 89' lang='lat' dir='ltr'>illo</span> <span class='ocrx_word' id='word_1_114' title='bbox 571 665 730 696; x_wconf 83' lang='lat' dir='ltr'>mergeret,</span> <span class='ocrx_word' id='word_1_115' title='bbox 752 657 853 686; x_wconf 70' lang='lat' dir='ltr'>fluxus.</span> <span class='ocrx_word' id='word_1_116' title='bbox 872 657 1049 686; x_wconf 84' lang='lat' dir='ltr'>descendens</span> <span class='ocrx_word' id='word_1_117' title='bbox 1078 654 1107 683; x_wconf 88' lang='lat' dir='ltr'>in</span> <span class='ocrx_word' id='word_1_118' title='bbox 1133 654 1183 683; x_wconf 87' lang='lat' dir='ltr'>filo</span> <span class='ocrx_word' id='word_1_119' title='bbox 1213 654 1263 683; x_wconf 89' lang='lat' dir='ltr'>LF</span> <span class='ocrx_word' id='word_1_120' title='bbox 1285 661 1396 683; x_wconf 88' lang='lat' dir='ltr'>motum</span> <span class='ocrx_word' id='word_1_121' title='bbox 1421 654 1501 683; x_wconf 87' lang='lat' dir='ltr'>illum</span> <span class='ocrx_word' id='word_1_122' title='bbox 1519 655 1669 684; x_wconf 85' lang='lat' dir='ltr'>rotationis</span> <span class='ocrx_word' id='word_1_123' title='bbox 1694 656 1790 684; x_wconf 84' lang='lat' dir='ltr'>solum</span> 
     </span>
     <span class='ocr_line' id='line_1_12' title="bbox 275 706 1793 753; baseline -0.007 -10"><span class='ocrx_word' id='word_1_124' title='bbox 275 713 426 753; x_wconf 81' lang='lat' dir='ltr'>producit..</span> <span class='ocrx_word' id='word_1_125' title='bbox 471 714 504 741; x_wconf 81' lang='lat' dir='ltr'>ln</span> <span class='ocrx_word' id='word_1_126' title='bbox 527 709 768 747; x_wconf 79' lang='lat' dir='ltr'>praecedentibus</span> <span class='ocrx_word' id='word_1_127' title='bbox 787 708 912 738; x_wconf 82' lang='lat' dir='ltr'>vidimus</span> <span class='ocrx_word' id='word_1_128' title='bbox 942 708 1021 744; x_wconf 87' lang='lat' dir='ltr'>quod</span> <span class='ocrx_word' id='word_1_129' title='bbox 1043 707 1139 736; x_wconf 90' lang='lat' dir='ltr'>fluxus</span> <span class='ocrx_word' id='word_1_130' title='bbox 1167 706 1343 741; x_wconf 76' lang='lat' dir='ltr'>verticales,</span> <span class='ocrx_word' id='word_1_131' title='bbox 1374 706 1424 742; x_wconf 81' lang='lat' dir='ltr'>qui</span> <span class='ocrx_word' id='word_1_132' title='bbox 1444 706 1473 734; x_wconf 68' lang='lat' dir='ltr'>in</span> <span class='ocrx_word' id='word_1_133' title='bbox 1499 706 1564 742; x_wconf 91' lang='lat' dir='ltr'>ipso</span> <span class='ocrx_word' id='word_1_134' title='bbox 1588 707 1724 743; x_wconf 83' lang='lat' dir='ltr'>Magnete</span> <span class='ocrx_word' id='word_1_135' title='bbox 1747 714 1793 734; x_wconf 83' lang='lat' dir='ltr'>re·</span> 
     </span>
     <span class='ocr_line' id='line_1_13' title="bbox 276 757 1793 798; baseline -0.005 -4"><span class='ocrx_word' id='word_1_136' title='bbox 276 771 408 798; x_wconf 78' lang='lat' dir='ltr'>manent,</span> <span class='ocrx_word' id='word_1_137' title='bbox 430 770 490 791; x_wconf 89' lang='lat' dir='ltr'>non</span> <span class='ocrx_word' id='word_1_138' title='bbox 512 769 581 790; x_wconf 89' lang='lat' dir='ltr'>vero</span> <span class='ocrx_word' id='word_1_139' title='bbox 606 769 640 788; x_wconf 84' lang='lat' dir='ltr'>ex</span> <span class='ocrx_word' id='word_1_140' title='bbox 661 760 711 789; x_wconf 91' lang='lat' dir='ltr'>illo</span> <span class='ocrx_word' id='word_1_141' title='bbox 739 766 863 793; x_wconf 71' lang='lat' dir='ltr'>exeunt,</span> <span class='ocrx_word' id='word_1_142' title='bbox 884 759 965 787; x_wconf 82' lang='lat' dir='ltr'>illum</span> <span class='ocrx_word' id='word_1_143' title='bbox 986 764 1099 786; x_wconf 89' lang='lat' dir='ltr'>motum-</span> <span class='ocrx_word' id='word_1_144' title='bbox 1116 757 1246 793; x_wconf 87' lang='lat' dir='ltr'>Magneti</span> <span class='ocrx_word' id='word_1_145' title='bbox 1271 758 1327 795; x_wconf 80' lang='lat' dir='ltr'>jam</span> <span class='ocrx_word' id='word_1_146' title='bbox 1350 757 1533 793; x_wconf 83' lang='lat' dir='ltr'>imprimant3</span> <span class='ocrx_word' id='word_1_147' title='bbox 1557 758 1609 785; x_wconf 88' lang='lat' dir='ltr'>sed</span> <span class='ocrx_word' id='word_1_148' title='bbox 1629 757 1711 786; x_wconf 84' lang='lat' dir='ltr'>etiam</span> <span class='ocrx_word' id='word_1_149' title='bbox 1737 758 1793 786; x_wconf 76' lang='lat' dir='ltr'>flu.-</span> 
     </span>
     <span class='ocr_line' id='line_1_14' title="bbox 276 808 1796 850; baseline -0.003 -7"><span class='ocrx_word' id='word_1_150' title='bbox 276 823 332 846; x_wconf 83' lang='lat' dir='ltr'>xus</span> <span class='ocrx_word' id='word_1_151' title='bbox 345 836 355 850; x_wconf 95' lang='lat'>,</span> <span class='ocrx_word' id='word_1_152' title='bbox 378 813 428 850; x_wconf 89' lang='lat' dir='ltr'>qui</span> <span class='ocrx_word' id='word_1_153' title='bbox 449 819 602 850; x_wconf 85' lang='lat' dir='ltr'>postquam</span> <span class='ocrx_word' id='word_1_154' title='bbox 623 810 796 840; x_wconf 79' lang='lat' dir='ltr'>verticaliter</span> <span class='ocrx_word' id='word_1_155' title='bbox 816 819 868 847; x_wconf 80' lang='lat' dir='ltr'>per</span> <span class='ocrx_word' id='word_1_156' title='bbox 879 810 1051 847; x_wconf 81' lang='lat' dir='ltr'>Magnetem</span> <span class='ocrx_word' id='word_1_157' title='bbox 1062 808 1255 844; x_wconf 85' lang='lat' dir='ltr'>transierunt,</span> <span class='ocrx_word' id='word_1_158' title='bbox 1276 808 1380 838; x_wconf 87' lang='lat' dir='ltr'>deinde</span> <span class='ocrx_word' id='word_1_159' title='bbox 1390 809 1586 838; x_wconf 79' lang='lat' dir='ltr'>horizontales</span> <span class='ocrx_word' id='word_1_160' title='bbox 1605 808 1696 844; x_wconf 86' lang='lat' dir='ltr'>fiunt,</span> <span class='ocrx_word' id='word_1_161' title='bbox 1714 815 1742 837; x_wconf 92' lang='lat' dir='ltr'>et</span> <span class='ocrx_word' id='word_1_162' title='bbox 1760 809 1796 838; x_wconf 81' lang='lat' dir='ltr'>ad</span> 
     </span>
     <span class='ocr_line' id='line_1_15' title="bbox 277 858 1800 900; baseline -0.005 -4"><span class='ocrx_word' id='word_1_163' title='bbox 277 867 414 897; x_wconf 81' lang='lat' dir='ltr'>annulum</span> <span class='ocrx_word' id='word_1_164' title='bbox 441 873 456 894; x_wconf 82' lang='lat' dir='ltr'>a</span> <span class='ocrx_word' id='word_1_165' title='bbox 483 864 620 900; x_wconf 83' lang='lat' dir='ltr'>Magnete</span> <span class='ocrx_word' id='word_1_166' title='bbox 640 863 817 900; x_wconf 77' lang='lat' dir='ltr'>divergunt,</span> <span class='ocrx_word' id='word_1_167' title='bbox 848 863 931 892; x_wconf 87' lang='lat' dir='ltr'>illum</span> <span class='ocrx_word' id='word_1_168' title='bbox 956 869 1065 891; x_wconf 89' lang='lat' dir='ltr'>motum</span> <span class='ocrx_word' id='word_1_169' title='bbox 1093 860 1273 897; x_wconf 82' lang='lat' dir='ltr'>producunt.</span> <span class='ocrx_word' id='word_1_170' title='bbox 1313 860 1344 888; x_wconf 85' lang='lat' dir='ltr'>Si</span> <span class='ocrx_word' id='word_1_171' title='bbox 1372 859 1445 888; x_wconf 90' lang='lat' dir='ltr'>enim</span> <span class='ocrx_word' id='word_1_172' title='bbox 1471 858 1547 896; x_wconf 80' lang='lat' dir='ltr'>(fig.</span> <span class='ocrx_word' id='word_1_173' title='bbox 1573 867 1609 896; x_wconf 78' lang='lat'>35</span> <span class='ocrx_word' id='word_1_174' title='bbox 1623 871 1633 894; x_wconf 76' lang='grc'><strong><em>)</em></strong></span> <span class='ocrx_word' id='word_1_175' title='bbox 1655 859 1737 888; x_wconf 90' lang='lat' dir='ltr'>BCD</span> <span class='ocrx_word' id='word_1_176' title='bbox 1759 859 1800 889; x_wconf 84' lang='lat' dir='ltr'>sit</span> 
     </span>
     <span class='ocr_line' id='line_1_16' title="bbox 278 909 1799 949; baseline -0.007 -2"><span class='ocrx_word' id='word_1_177' title='bbox 278 916 371 947; x_wconf 81' lang='lat' dir='ltr'>sectio</span> <span class='ocrx_word' id='word_1_178' title='bbox 395 915 586 945; x_wconf 87' lang='lat' dir='ltr'>horizontalis</span> <span class='ocrx_word' id='word_1_179' title='bbox 612 914 731 949; x_wconf 89' lang='lat' dir='ltr'>annuli,</span> <span class='ocrx_word' id='word_1_180' title='bbox 755 921 783 943; x_wconf 92' lang='lat' dir='ltr'>et</span> <span class='ocrx_word' id='word_1_181' title='bbox 804 913 878 944; x_wconf 86' lang='lat' dir='ltr'>IGH</span> <span class='ocrx_word' id='word_1_182' title='bbox 899 914 1002 942; x_wconf 77' lang='lat' dir='ltr'>similis</span> <span class='ocrx_word' id='word_1_183' title='bbox 1027 912 1121 942; x_wconf 86' lang='lat' dir='ltr'>sectio</span> <span class='ocrx_word' id='word_1_184' title='bbox 1150 911 1317 948; x_wconf 76' lang='lat' dir='ltr'>Magnetis,</span> <span class='ocrx_word' id='word_1_185' title='bbox 1345 917 1484 946; x_wconf 88' lang='lat' dir='ltr'>punctum</span> <span class='ocrx_word' id='word_1_186' title='bbox 1505 910 1535 938; x_wconf 88' lang='lat' dir='ltr'><strong>A</strong></span> <span class='ocrx_word' id='word_1_187' title='bbox 1552 909 1637 938; x_wconf 85' lang='lat' dir='ltr'>simul</span> <span class='ocrx_word' id='word_1_188' title='bbox 1660 911 1714 938; x_wconf 87' lang='lat' dir='ltr'>erit</span> <span class='ocrx_word' id='word_1_189' title='bbox 1742 919 1799 947; x_wconf 84' lang='lat' dir='ltr'>po.</span> 
     </span>
     <span class='ocr_line' id='line_1_17' title="bbox 278 960 1798 1004; baseline -0.005 -6"><span class='ocrx_word' id='word_1_190' title='bbox 278 970 327 998; x_wconf 89' lang='lat' dir='ltr'>lus</span> <span class='ocrx_word' id='word_1_191' title='bbox 352 967 499 1004; x_wconf 83' lang='lat' dir='ltr'>Magnetis</span> <span class='ocrx_word' id='word_1_192' title='bbox 529 976 558 996; x_wconf 89' lang='lat' dir='ltr'>v.</span> <span class='ocrx_word' id='word_1_193' title='bbox 582 975 612 1003; x_wconf 84' lang='lat' dir='ltr'>g.</span> <span class='ocrx_word' id='word_1_194' title='bbox 642 965 794 1000; x_wconf 88' lang='lat' dir='ltr'>australis,</span> <span class='ocrx_word' id='word_1_195' title='bbox 825 973 853 994; x_wconf 90' lang='lat' dir='ltr'>et</span> <span class='ocrx_word' id='word_1_196' title='bbox 883 966 986 995; x_wconf 82' lang='lat' dir='ltr'>annuli</span> <span class='ocrx_word' id='word_1_197' title='bbox 1011 971 1152 993; x_wconf 79' lang='lat' dir='ltr'>centrum.</span> <span class='ocrx_word' id='word_1_198' title='bbox 1196 962 1306 991; x_wconf 82' lang='lat' dir='ltr'>Fluxus</span> <span class='ocrx_word' id='word_1_199' title='bbox 1337 961 1431 998; x_wconf 90' lang='lat' dir='ltr'>portio</span> <span class='ocrx_word' id='word_1_200' title='bbox 1460 961 1518 989; x_wconf 94' lang='lat' dir='ltr'>AG</span> <span class='ocrx_word' id='word_1_201' title='bbox 1543 962 1649 990; x_wconf 89' lang='lat' dir='ltr'>nullam</span> <span class='ocrx_word' id='word_1_202' title='bbox 1673 960 1702 989; x_wconf 90' lang='lat' dir='ltr'>in</span> <span class='ocrx_word' id='word_1_203' title='bbox 1731 969 1798 990; x_wconf 86' lang='lat' dir='ltr'>eum</span> 
     </span>
     <span class='ocr_line' id='line_1_18' title="bbox 280 1013 1801 1056; baseline -0.003 -7"><span class='ocrx_word' id='word_1_204' title='bbox 280 1018 447 1056; x_wconf 86' lang='lat' dir='ltr'>Magnetem</span> <span class='ocrx_word' id='word_1_205' title='bbox 471 1017 587 1053; x_wconf 87' lang='lat' dir='ltr'>praebet</span> <span class='ocrx_word' id='word_1_206' title='bbox 611 1017 771 1052; x_wconf 81' lang='lat' dir='ltr'>actionem3</span> <span class='ocrx_word' id='word_1_207' title='bbox 802 1017 901 1052; x_wconf 87' lang='lat' dir='ltr'>portio</span> <span class='ocrx_word' id='word_1_208' title='bbox 930 1026 998 1045; x_wconf 84' lang='lat' dir='ltr'>vero</span> <span class='ocrx_word' id='word_1_209' title='bbox 1028 1015 1080 1046; x_wconf 80' lang='lat' dir='ltr'>BG</span> <span class='ocrx_word' id='word_1_210' title='bbox 1101 1015 1264 1052; x_wconf 89' lang='lat' dir='ltr'>portionem</span> <span class='ocrx_word' id='word_1_211' title='bbox 1291 1015 1337 1044; x_wconf 86' lang='lat' dir='ltr'>1G</span> <span class='ocrx_word' id='word_1_212' title='bbox 1362 1015 1476 1051; x_wconf 83' lang='lat' dir='ltr'>repellit</span> <span class='ocrx_word' id='word_1_213' title='bbox 1504 1022 1531 1043; x_wconf 89' lang='lat' dir='ltr'>et</span> <span class='ocrx_word' id='word_1_214' title='bbox 1559 1015 1721 1050; x_wconf 84' lang='lat' dir='ltr'>portionem</span> <span class='ocrx_word' id='word_1_215' title='bbox 1741 1013 1801 1044; x_wconf 89' lang='lat' dir='ltr'>AG</span> 
     </span>
     <span class='ocr_line' id='line_1_19' title="bbox 282 1065 1800 1105; baseline -0.003 -5"><span class='ocrx_word' id='word_1_216' title='bbox 282 1070 419 1105; x_wconf 84' lang='lat' dir='ltr'>attrahit,</span> <span class='ocrx_word' id='word_1_217' title='bbox 450 1077 523 1105; x_wconf 85' lang='lat' dir='ltr'>quae</span> <span class='ocrx_word' id='word_1_218' title='bbox 545 1069 616 1097; x_wconf 84' lang='lat' dir='ltr'>duae</span> <span class='ocrx_word' id='word_1_219' title='bbox 645 1069 721 1098; x_wconf 87' lang='lat' dir='ltr'>vires</span> <span class='ocrx_word' id='word_1_220' title='bbox 751 1068 922 1105; x_wconf 81' lang='lat' dir='ltr'>Magnetem·</span> <span class='ocrx_word' id='word_1_221' title='bbox 951 1068 1038 1104; x_wconf 83' lang='lat' dir='ltr'>igitur</span> <span class='ocrx_word' id='word_1_222' title='bbox 1065 1067 1094 1096; x_wconf 89' lang='lat' dir='ltr'>in</span> <span class='ocrx_word' id='word_1_223' title='bbox 1119 1073 1229 1095; x_wconf 88' lang='lat' dir='ltr'>motum</span> <span class='ocrx_word' id='word_1_224' title='bbox 1258 1066 1364 1094; x_wconf 88' lang='lat' dir='ltr'>circum</span> <span class='ocrx_word' id='word_1_225' title='bbox 1390 1067 1452 1103; x_wconf 88' lang='lat' dir='ltr'>ejus</span> <span class='ocrx_word' id='word_1_226' title='bbox 1479 1072 1606 1094; x_wconf 83' lang='lat' dir='ltr'>centrum</span> <span class='ocrx_word' id='word_1_227' title='bbox 1629 1066 1657 1094; x_wconf 80' lang='lat' dir='ltr'>A</span> <span class='ocrx_word' id='word_1_228' title='bbox 1677 1073 1705 1095; x_wconf 84' lang='lat' dir='ltr'>et</span> <span class='ocrx_word' id='word_1_229' title='bbox 1731 1065 1800 1096; x_wconf 77' lang='lat' dir='ltr'>hinc</span> 
     </span>
     <span class='ocr_line' id='line_1_20' title="bbox 281 1116 1809 1156; baseline -0.004 -7"><span class='ocrx_word' id='word_1_230' title='bbox 281 1121 440 1150; x_wconf 84' lang='lat' dir='ltr'>rotativum</span> <span class='ocrx_word' id='word_1_231' title='bbox 460 1121 618 1149; x_wconf 76' lang='lat' dir='ltr'>deducent:</span> <span class='ocrx_word' id='word_1_232' title='bbox 642 1120 672 1149; x_wconf 90' lang='lat' dir='ltr'>in</span> <span class='ocrx_word' id='word_1_233' title='bbox 689 1128 863 1156; x_wconf 86' lang='lat' dir='ltr'>quacunque</span> <span class='ocrx_word' id='word_1_234' title='bbox 876 1119 948 1148; x_wconf 88' lang='lat' dir='ltr'>enim</span> <span class='ocrx_word' id='word_1_235' title='bbox 968 1119 1116 1156; x_wconf 85' lang='lat' dir='ltr'>Magnetis</span> <span class='ocrx_word' id='word_1_236' title='bbox 1135 1118 1282 1155; x_wconf 79' lang='lat' dir='ltr'>positione</span> <span class='ocrx_word' id='word_1_237' title='bbox 1300 1117 1407 1146; x_wconf 83' lang='lat' dir='ltr'>similes</span> <span class='ocrx_word' id='word_1_238' title='bbox 1431 1118 1535 1147; x_wconf 86' lang='lat' dir='ltr'>adsunt</span> <span class='ocrx_word' id='word_1_239' title='bbox 1556 1117 1684 1146; x_wconf 86' lang='lat' dir='ltr'>actiones</span> <span class='ocrx_word' id='word_1_240' title='bbox 1704 1116 1764 1154; x_wconf 78' lang='lat'>(28</span> <span class='ocrx_word' id='word_1_241' title='bbox 1774 1117 1809 1153; x_wconf 81' lang='lat'>)..</span> 
     </span>
    </p>

    <p class='ocr_par' dir='ltr' id='par_1_5' title="bbox 283 1167 1808 1569">
     <span class='ocr_line' id='line_1_21' title="bbox 325 1167 1802 1208; baseline -0.005 -5"><span class='ocrx_word' id='word_1_242' title='bbox 325 1175 462 1204; x_wconf 88' lang='lat' dir='ltr'>Similiter</span> <span class='ocrx_word' id='word_1_243' title='bbox 482 1182 578 1204; x_wconf 81' lang='lat' dir='ltr'>motus</span> <span class='ocrx_word' id='word_1_244' title='bbox 596 1174 748 1203; x_wconf 82' lang='lat' dir='ltr'>rotationis</span> <span class='ocrx_word' id='word_1_245' title='bbox 765 1173 973 1208; x_wconf 86' lang='lat' dir='ltr'>conductoris,</span> <span class='ocrx_word' id='word_1_246' title='bbox 994 1180 1050 1208; x_wconf 91' lang='lat' dir='ltr'>ope</span> <span class='ocrx_word' id='word_1_247' title='bbox 1066 1171 1182 1204; x_wconf 84' lang='lat' dir='ltr'>fluxus,</span> <span class='ocrx_word' id='word_1_248' title='bbox 1205 1169 1366 1198; x_wconf 78' lang='lat' dir='ltr'>obtinetur.</span> <span class='ocrx_word' id='word_1_249' title='bbox 1408 1169 1490 1198; x_wconf 87' lang='lat' dir='ltr'>Hanc</span> <span class='ocrx_word' id='word_1_250' title='bbox 1510 1169 1547 1197; x_wconf 92' lang='lat' dir='ltr'>ob</span> <span class='ocrx_word' id='word_1_251' title='bbox 1567 1178 1625 1197; x_wconf 83' lang='lat' dir='ltr'>rem</span> <span class='ocrx_word' id='word_1_252' title='bbox 1647 1167 1720 1206; x_wconf 85' lang='lat' dir='ltr'>(fig.</span> <span class='ocrx_word' id='word_1_253' title='bbox 1739 1168 1802 1205; x_wconf 77' lang='lat'>3⁴2)</span> 
     </span>
     <span class='ocr_line' id='line_1_22' title="bbox 283 1220 1804 1259; baseline -0.005 -3"><span class='ocrx_word' id='word_1_254' title='bbox 283 1227 447 1256; x_wconf 78' lang='lat' dir='ltr'>conductor</span> <span class='ocrx_word' id='word_1_255' title='bbox 468 1225 618 1254; x_wconf 89' lang='lat' dir='ltr'>ONMLF</span> <span class='ocrx_word' id='word_1_256' title='bbox 639 1225 725 1253; x_wconf 87' lang='lat' dir='ltr'>altius</span> <span class='ocrx_word' id='word_1_257' title='bbox 748 1224 881 1259; x_wconf 80' lang='lat' dir='ltr'>tollitur,</span> <span class='ocrx_word' id='word_1_258' title='bbox 904 1224 995 1252; x_wconf 88' lang='lat' dir='ltr'>donec</span> <span class='ocrx_word' id='word_1_259' title='bbox 1019 1222 1195 1251; x_wconf 82' lang='lat' dir='ltr'>extremitate</span> <span class='ocrx_word' id='word_1_260' title='bbox 1216 1221 1238 1250; x_wconf 87' lang='lat' dir='ltr'>F</span> <span class='ocrx_word' id='word_1_261' title='bbox 1260 1227 1355 1257; x_wconf 83' lang='lat' dir='ltr'>tangat</span> <span class='ocrx_word' id='word_1_262' title='bbox 1374 1220 1546 1248; x_wconf 82' lang='lat' dir='ltr'>mercurium</span> <span class='ocrx_word' id='word_1_263' title='bbox 1571 1220 1607 1248; x_wconf 85' lang='lat' dir='ltr'>in.</span> <span class='ocrx_word' id='word_1_264' title='bbox 1620 1220 1738 1248; x_wconf 86' lang='lat' dir='ltr'>cochlea</span> <span class='ocrx_word' id='word_1_265' title='bbox 1755 1228 1804 1248; x_wconf 88' lang='lat' dir='ltr'>ca-</span> 
     </span>
     <span class='ocr_line' id='line_1_23' title="bbox 284 1270 1807 1314; baseline -0.005 -7"><span class='ocrx_word' id='word_1_266' title='bbox 284 1287 321 1307; x_wconf 80' lang='lat' dir='ltr'>va</span> <span class='ocrx_word' id='word_1_267' title='bbox 341 1277 370 1307; x_wconf 92' lang='lat' dir='ltr'>U</span> <span class='ocrx_word' id='word_1_268' title='bbox 391 1277 539 1314; x_wconf 81' lang='lat' dir='ltr'>Magnetis</span> <span class='ocrx_word' id='word_1_269' title='bbox 560 1275 617 1305; x_wconf 85' lang='lat' dir='ltr'>UX.</span> <span class='ocrx_word' id='word_1_270' title='bbox 638 1283 818 1305; x_wconf 83' lang='lat' dir='ltr'>contentum.</span> <span class='ocrx_word' id='word_1_271' title='bbox 869 1275 940 1303; x_wconf 82' lang='lat' dir='ltr'>Huic</span> <span class='ocrx_word' id='word_1_272' title='bbox 963 1274 1094 1311; x_wconf 85' lang='lat' dir='ltr'>Magneti</span> <span class='ocrx_word' id='word_1_273' title='bbox 1117 1274 1152 1302; x_wconf 85' lang='lat' dir='ltr'>ad</span> <span class='ocrx_word' id='word_1_274' title='bbox 1173 1272 1381 1301; x_wconf 79' lang='lat' dir='ltr'>extremitatem</span> <span class='ocrx_word' id='word_1_275' title='bbox 1402 1271 1424 1300; x_wconf 81' lang='lat' dir='ltr'>d</span> <span class='ocrx_word' id='word_1_276' title='bbox 1440 1273 1571 1309; x_wconf 83' lang='lat' dir='ltr'>junctum</span> <span class='ocrx_word' id='word_1_277' title='bbox 1593 1278 1636 1300; x_wconf 90' lang='lat' dir='ltr'>est</span> <span class='ocrx_word' id='word_1_278' title='bbox 1658 1271 1737 1300; x_wconf 83' lang='lat' dir='ltr'>filum</span> <span class='ocrx_word' id='word_1_279' title='bbox 1756 1270 1807 1300; x_wconf 87' lang='lat' dir='ltr'>ali-</span> 
     </span>
     <span class='ocr_line' id='line_1_24' title="bbox 286 1323 1804 1364; baseline -0.003 -7"><span class='ocrx_word' id='word_1_280' title='bbox 286 1328 367 1364; x_wconf 87' lang='lat' dir='ltr'>quod</span> <span class='ocrx_word' id='word_1_281' title='bbox 385 1327 433 1356; x_wconf 71' lang='lat' dir='ltr'>dx</span> <span class='ocrx_word' id='word_1_282' title='bbox 454 1327 648 1361; x_wconf 84' lang='lat' dir='ltr'>metallicum,</span> <span class='ocrx_word' id='word_1_283' title='bbox 672 1332 701 1353; x_wconf 82' lang='lat' dir='ltr'>et</span> <span class='ocrx_word' id='word_1_284' title='bbox 723 1328 801 1354; x_wconf 87' lang='lat' dir='ltr'>nulla</span> <span class='ocrx_word' id='word_1_285' title='bbox 822 1326 850 1354; x_wconf 88' lang='lat' dir='ltr'>vi</span> <span class='ocrx_word' id='word_1_286' title='bbox 869 1326 1034 1362; x_wconf 68' lang='lat' dir='ltr'>Magnetica</span> <span class='ocrx_word' id='word_1_287' title='bbox 1054 1327 1198 1354; x_wconf 83' lang='lat' dir='ltr'>donatum.</span> <span class='ocrx_word' id='word_1_288' title='bbox 1241 1325 1364 1361; x_wconf 82' lang='lat' dir='ltr'>Magnes</span> <span class='ocrx_word' id='word_1_289' title='bbox 1388 1325 1489 1353; x_wconf 86' lang='lat' dir='ltr'>transit</span> <span class='ocrx_word' id='word_1_290' title='bbox 1510 1333 1562 1360; x_wconf 89' lang='lat' dir='ltr'>per</span> <span class='ocrx_word' id='word_1_291' title='bbox 1579 1325 1730 1360; x_wconf 87' lang='lat' dir='ltr'>globulum</span> <span class='ocrx_word' id='word_1_292' title='bbox 1753 1323 1804 1360; x_wconf 91' lang='lat' dir='ltr'>T,</span> 
     </span>
     <span class='ocr_line' id='line_1_25' title="bbox 287 1374 1807 1414; baseline -0.002 -8"><span class='ocrx_word' id='word_1_293' title='bbox 287 1378 318 1407; x_wconf 89' lang='lat' dir='ltr'>in</span> <span class='ocrx_word' id='word_1_294' title='bbox 343 1387 438 1414; x_wconf 89' lang='lat' dir='ltr'>eoque</span> <span class='ocrx_word' id='word_1_295' title='bbox 461 1379 495 1406; x_wconf 86' lang='lat' dir='ltr'>ad</span> <span class='ocrx_word' id='word_1_296' title='bbox 516 1384 606 1406; x_wconf 78' lang='lat' dir='ltr'>certas</span> <span class='ocrx_word' id='word_1_297' title='bbox 635 1376 704 1413; x_wconf 86' lang='lat' dir='ltr'>poni</span> <span class='ocrx_word' id='word_1_298' title='bbox 729 1384 827 1412; x_wconf 87' lang='lat' dir='ltr'>potest</span> <span class='ocrx_word' id='word_1_299' title='bbox 852 1377 1018 1405; x_wconf 58' lang='lat' dir='ltr'>altitudines</span> <span class='ocrx_word' id='word_1_300' title='bbox 1045 1385 1102 1413; x_wconf 91' lang='lat' dir='ltr'>ope</span> <span class='ocrx_word' id='word_1_301' title='bbox 1127 1376 1263 1404; x_wconf 87' lang='lat' dir='ltr'>cochleae</span> <span class='ocrx_word' id='word_1_302' title='bbox 1291 1374 1329 1403; x_wconf 82' lang='lat' dir='ltr'>V.</span> <span class='ocrx_word' id='word_1_303' title='bbox 1372 1375 1462 1402; x_wconf 86' lang='lat' dir='ltr'>Hicce</span> <span class='ocrx_word' id='word_1_304' title='bbox 1486 1375 1624 1410; x_wconf 84' lang='lat' dir='ltr'>globulus</span> <span class='ocrx_word' id='word_1_305' title='bbox 1655 1375 1690 1402; x_wconf 88' lang='lat' dir='ltr'>ad</span> <span class='ocrx_word' id='word_1_306' title='bbox 1714 1381 1807 1403; x_wconf 89' lang='lat' dir='ltr'>extre·</span> 
     </span>
     <span class='ocr_line' id='line_1_26' title="bbox 288 1425 1805 1465; baseline -0.001 -8"><span class='ocrx_word' id='word_1_307' title='bbox 288 1428 416 1457; x_wconf 84' lang='lat' dir='ltr'>mitatem</span> <span class='ocrx_word' id='word_1_308' title='bbox 439 1429 502 1457; x_wconf 85' lang='lat' dir='ltr'>tubi</span> <span class='ocrx_word' id='word_1_309' title='bbox 528 1428 611 1457; x_wconf 88' lang='lat' dir='ltr'>vitrei</span> <span class='ocrx_word' id='word_1_310' title='bbox 634 1427 825 1456; x_wconf 87' lang='lat' dir='ltr'>horizontalis</span> <span class='ocrx_word' id='word_1_311' title='bbox 847 1428 896 1456; x_wconf 89' lang='lat' dir='ltr'>TS</span> <span class='ocrx_word' id='word_1_312' title='bbox 920 1429 1087 1465; x_wconf 86' lang='lat' dir='ltr'>invenitur,</span> <span class='ocrx_word' id='word_1_313' title='bbox 1112 1428 1162 1465; x_wconf 84' lang='lat' dir='ltr'>qui</span> <span class='ocrx_word' id='word_1_314' title='bbox 1187 1428 1275 1456; x_wconf 89' lang='lat' dir='ltr'>tubus</span> <span class='ocrx_word' id='word_1_315' title='bbox 1299 1426 1450 1455; x_wconf 82' lang='lat' dir='ltr'>verticalis·</span> <span class='ocrx_word' id='word_1_316' title='bbox 1464 1426 1557 1455; x_wconf 80' lang='lat' dir='ltr'>evadit</span> <span class='ocrx_word' id='word_1_317' title='bbox 1579 1426 1608 1455; x_wconf 90' lang='lat' dir='ltr'>in</span> <span class='ocrx_word' id='word_1_318' title='bbox 1631 1433 1741 1462; x_wconf 88' lang='lat' dir='ltr'>puncto</span> <span class='ocrx_word' id='word_1_319' title='bbox 1760 1425 1779 1455; x_wconf 91' lang='lat' dir='ltr'>S</span> <span class='ocrx_word' id='word_1_320' title='bbox 1794 1447 1805 1462; x_wconf 89' lang='lat'>,</span> 
     </span>
     <span class='ocr_line' id='line_1_27' title="bbox 288 1477 1808 1517; baseline -0.002 -9"><span class='ocrx_word' id='word_1_321' title='bbox 288 1487 317 1508; x_wconf 83' lang='lat' dir='ltr'>et</span> <span class='ocrx_word' id='word_1_322' title='bbox 336 1479 495 1509; x_wconf 77' lang='lat' dir='ltr'>includiturv</span> <span class='ocrx_word' id='word_1_323' title='bbox 518 1479 547 1508; x_wconf 90' lang='lat' dir='ltr'>in</span> <span class='ocrx_word' id='word_1_324' title='bbox 571 1479 748 1508; x_wconf 82' lang='lat' dir='ltr'>conductore</span> <span class='ocrx_word' id='word_1_325' title='bbox 773 1479 843 1517; x_wconf 83' lang='lat' dir='ltr'>aPQ</span> <span class='ocrx_word' id='word_1_326' title='bbox 865 1480 900 1508; x_wconf 86' lang='lat' dir='ltr'>ad</span> <span class='ocrx_word' id='word_1_327' title='bbox 919 1487 1061 1516; x_wconf 87' lang='lat' dir='ltr'>punctum</span> <span class='ocrx_word' id='word_1_328' title='bbox 1086 1490 1120 1509; x_wconf 83' lang='lat' dir='ltr'>a.</span> <span class='ocrx_word' id='word_1_329' title='bbox 1160 1479 1241 1507; x_wconf 92' lang='lat' dir='ltr'>Loco</span> <span class='ocrx_word' id='word_1_330' title='bbox 1263 1478 1409 1514; x_wconf 82' lang='lat' dir='ltr'>Magnetis</span> <span class='ocrx_word' id='word_1_331' title='bbox 1427 1477 1514 1506; x_wconf 90' lang='lat' dir='ltr'>DGC</span> <span class='ocrx_word' id='word_1_332' title='bbox 1535 1477 1565 1506; x_wconf 90' lang='lat' dir='ltr'>in</span> <span class='ocrx_word' id='word_1_333' title='bbox 1582 1486 1649 1506; x_wconf 84' lang='lat' dir='ltr'>vase</span> <span class='ocrx_word' id='word_1_334' title='bbox 1669 1477 1717 1505; x_wconf 87' lang='lat' dir='ltr'>AB</span> <span class='ocrx_word' id='word_1_335' title='bbox 1736 1477 1808 1506; x_wconf 92' lang='lat' dir='ltr'>sub·</span> 
     </span>
     <span class='ocr_line' id='line_1_28' title="bbox 290 1529 1808 1569; baseline -0.001 -10"><span class='ocrx_word' id='word_1_336' title='bbox 290 1531 425 1560; x_wconf 81' lang='lat' dir='ltr'>stituitur.</span> <span class='ocrx_word' id='word_1_337' title='bbox 447 1531 608 1559; x_wconf 81' lang='lat' dir='ltr'>conductor</span> <span class='ocrx_word' id='word_1_338' title='bbox 628 1538 716 1558; x_wconf 84' lang='lat' dir='ltr'>cavus</span> <span class='ocrx_word' id='word_1_339' title='bbox 736 1530 794 1559; x_wconf 87' lang='lat' dir='ltr'>DG</span> <span class='ocrx_word' id='word_1_340' title='bbox 817 1530 891 1568; x_wconf 75' lang='lat' dir='ltr'>(fig,</span> <span class='ocrx_word' id='word_1_341' title='bbox 918 1533 998 1569; x_wconf 80' lang='lat'>36),</span> <span class='ocrx_word' id='word_1_342' title='bbox 1020 1531 1066 1560; x_wconf 89' lang='lat' dir='ltr'>cui</span> <span class='ocrx_word' id='word_1_343' title='bbox 1087 1531 1121 1560; x_wconf 87' lang='lat' dir='ltr'>ad</span> <span class='ocrx_word' id='word_1_344' title='bbox 1150 1530 1353 1558; x_wconf 83' lang='lat' dir='ltr'>extremitatem</span> <span class='ocrx_word' id='word_1_345' title='bbox 1375 1529 1406 1558; x_wconf 90' lang='lat' dir='ltr'>G</span> <span class='ocrx_word' id='word_1_346' title='bbox 1427 1529 1559 1566; x_wconf 77' lang='lat' dir='ltr'>jungitur</span> <span class='ocrx_word' id='word_1_347' title='bbox 1581 1529 1808 1566; x_wconf 87' lang='lat' dir='ltr'>aequipondium</span> 
     </span>
    </p>
   </div>
   <div class='ocr_carea' id='block_1_3' title="bbox 291 1580 1821 1618">
    <p class='ocr_par' dir='ltr' id='par_1_6' title="bbox 291 1580 1821 1618">
     <span class='ocr_line' id='line_1_29' title="bbox 291 1580 1821 1618; baseline -0.001 -8"><span class='ocrx_word' id='word_1_348' title='bbox 291 1581 372 1616; x_wconf 86' lang='lat' dir='ltr'>CG,</span> <span class='ocrx_word' id='word_1_349' title='bbox 404 1589 432 1610; x_wconf 85' lang='lat' dir='ltr'>et</span> <span class='ocrx_word' id='word_1_350' title='bbox 455 1581 506 1617; x_wconf 87' lang='lat' dir='ltr'>qui</span> <span class='ocrx_word' id='word_1_351' title='bbox 539 1582 574 1609; x_wconf 90' lang='lat' dir='ltr'>ad</span> <span class='ocrx_word' id='word_1_352' title='bbox 600 1582 714 1609; x_wconf 85' lang='lat' dir='ltr'>alteram</span> <span class='ocrx_word' id='word_1_353' title='bbox 744 1582 947 1610; x_wconf 82' lang='lat' dir='ltr'>extremitatem</span> <span class='ocrx_word' id='word_1_354' title='bbox 977 1583 1005 1611; x_wconf 89' lang='lat' dir='ltr'>D</span> <span class='ocrx_word' id='word_1_355' title='bbox 1031 1584 1177 1618; x_wconf 81' lang='lat' dir='ltr'>capsulam</span> <span class='ocrx_word' id='word_1_356' title='bbox 1213 1581 1309 1610; x_wconf 84' lang='lat' dir='ltr'>habet.</span> <span class='ocrx_word' id='word_1_357' title='bbox 1360 1580 1452 1609; x_wconf 89' lang='lat' dir='ltr'>Hicce</span> <span class='ocrx_word' id='word_1_358' title='bbox 1483 1581 1643 1609; x_wconf 87' lang='lat' dir='ltr'>conductor</span> <span class='ocrx_word' id='word_1_359' title='bbox 1669 1580 1821 1609; x_wconf 90' lang='lat' dir='ltr'>mercurio-</span> 
     </span>
    </p>
   </div>
   <div class='ocr_carea' id='block_1_4' title="bbox 289 1632 1816 1878">
    <p class='ocr_par' dir='ltr' id='par_1_7' title="bbox 289 1632 1816 1878">
     <span class='ocr_line' id='line_1_30' title="bbox 289 1632 1815 1671; baseline 0.001 -11"><span class='ocrx_word' id='word_1_360' title='bbox 289 1632 372 1669; x_wconf 64' lang='grc' dir='ltr'>(ᾗὲ.</span> <span class='ocrx_word' id='word_1_361' title='bbox 398 1633 460 1669; x_wconf 82' lang='lat'>32)</span> <span class='ocrx_word' id='word_1_362' title='bbox 482 1632 511 1661; x_wconf 91' lang='lat' dir='ltr'>in</span> <span class='ocrx_word' id='word_1_363' title='bbox 535 1640 603 1660; x_wconf 89' lang='lat' dir='ltr'>vase</span> <span class='ocrx_word' id='word_1_364' title='bbox 624 1632 672 1659; x_wconf 83' lang='lat' dir='ltr'>AB</span> <span class='ocrx_word' id='word_1_365' title='bbox 694 1638 831 1660; x_wconf 89' lang='lat' dir='ltr'>contento</span> <span class='ocrx_word' id='word_1_366' title='bbox 847 1633 1044 1670; x_wconf 83' lang='lat' dir='ltr'>immergitur,</span> <span class='ocrx_word' id='word_1_367' title='bbox 1060 1641 1087 1663; x_wconf 85' lang='lat' dir='ltr'>et</span> <span class='ocrx_word' id='word_1_368' title='bbox 1102 1634 1224 1671; x_wconf 85' lang='lat' dir='ltr'>Magnes</span> <span class='ocrx_word' id='word_1_369' title='bbox 1242 1633 1324 1663; x_wconf 86' lang='lat' dir='ltr'>UdV</span> <span class='ocrx_word' id='word_1_370' title='bbox 1343 1632 1511 1668; x_wconf 86' lang='lat' dir='ltr'>descendit,</span> <span class='ocrx_word' id='word_1_371' title='bbox 1529 1633 1621 1661; x_wconf 85' lang='lat' dir='ltr'>donec</span> <span class='ocrx_word' id='word_1_372' title='bbox 1640 1634 1701 1669; x_wconf 87' lang='lat' dir='ltr'>ejus</span> <span class='ocrx_word' id='word_1_373' title='bbox 1719 1639 1815 1661; x_wconf 82' lang='lat' dir='ltr'>extre-</span> 
     </span>
     <span class='ocr_line' id='line_1_31' title="bbox 295 1682 1811 1722; baseline 0.003 -13"><span class='ocrx_word' id='word_1_374' title='bbox 295 1682 379 1711; x_wconf 71' lang='lat' dir='ltr'>miras</span> <span class='ocrx_word' id='word_1_375' title='bbox 395 1684 421 1712; x_wconf 89' lang='lat' dir='ltr'>X</span> <span class='ocrx_word' id='word_1_376' title='bbox 443 1683 472 1712; x_wconf 89' lang='lat' dir='ltr'>in</span> <span class='ocrx_word' id='word_1_377' title='bbox 500 1682 690 1711; x_wconf 84' lang='lat' dir='ltr'>conductoris</span> <span class='ocrx_word' id='word_1_378' title='bbox 709 1685 825 1719; x_wconf 80' lang='lat' dir='ltr'>capsula</span> <span class='ocrx_word' id='word_1_379' title='bbox 839 1685 887 1720; x_wconf 92' lang='lat' dir='ltr'>D,</span> <span class='ocrx_word' id='word_1_380' title='bbox 910 1685 1052 1714; x_wconf 82' lang='lat' dir='ltr'>mercurio</span> <span class='ocrx_word' id='word_1_381' title='bbox 1071 1686 1205 1722; x_wconf 79' lang='lat' dir='ltr'>impleta,</span> <span class='ocrx_word' id='word_1_382' title='bbox 1227 1691 1345 1721; x_wconf 79' lang='lat' dir='ltr'>mergat.</span> <span class='ocrx_word' id='word_1_383' title='bbox 1376 1685 1452 1713; x_wconf 84' lang='lat' dir='ltr'>Pilae</span> <span class='ocrx_word' id='word_1_384' title='bbox 1472 1685 1558 1720; x_wconf 85' lang='lat' dir='ltr'>polus</span> <span class='ocrx_word' id='word_1_385' title='bbox 1575 1683 1721 1719; x_wconf 85' lang='lat' dir='ltr'>positivus</span> <span class='ocrx_word' id='word_1_386' title='bbox 1744 1692 1811 1713; x_wconf 85' lang='lat' dir='ltr'>cum</span> 
     </span>
     <span class='ocr_line' id='line_1_32' title="bbox 295 1734 1813 1774; baseline 0.003 -13"><span class='ocrx_word' id='word_1_387' title='bbox 295 1735 413 1769; x_wconf 83' lang='lat' dir='ltr'>capsula</span> <span class='ocrx_word' id='word_1_388' title='bbox 434 1734 459 1762; x_wconf 93' lang='lat' dir='ltr'>Z</span> <span class='ocrx_word' id='word_1_389' title='bbox 480 1734 694 1769; x_wconf 83' lang='lat' dir='ltr'>communicat,</span> <span class='ocrx_word' id='word_1_390' title='bbox 724 1735 875 1771; x_wconf 79' lang='lat' dir='ltr'>negativus</span> <span class='ocrx_word' id='word_1_391' title='bbox 901 1746 964 1765; x_wconf 88' lang='lat' dir='ltr'>cum</span> <span class='ocrx_word' id='word_1_392' title='bbox 987 1739 1106 1774; x_wconf 85' lang='lat' dir='ltr'>capsula</span> <span class='ocrx_word' id='word_1_393' title='bbox 1127 1738 1173 1766; x_wconf 90' lang='grc' dir='ltr'>Ζ’.</span> <span class='ocrx_word' id='word_1_394' title='bbox 1207 1737 1356 1766; x_wconf 87' lang='lat' dir='ltr'>Circuitus</span> <span class='ocrx_word' id='word_1_395' title='bbox 1380 1743 1424 1765; x_wconf 89' lang='lat' dir='ltr'>est</span> <span class='ocrx_word' id='word_1_396' title='bbox 1443 1736 1643 1773; x_wconf 79' lang='lat' dir='ltr'>constitutus,</span> <span class='ocrx_word' id='word_1_397' title='bbox 1664 1744 1691 1766; x_wconf 88' lang='lat' dir='ltr'>et</span> <span class='ocrx_word' id='word_1_398' title='bbox 1717 1735 1813 1766; x_wconf 85' lang='lat' dir='ltr'>statim</span> 
     </span>
     <span class='ocr_line' id='line_1_33' title="bbox 294 1786 1814 1826; baseline -0.001 -9"><span class='ocrx_word' id='word_1_399' title='bbox 294 1786 564 1817; x_wconf 84' lang='lat' dir='ltr'>conductor-motu</span> <span class='ocrx_word' id='word_1_400' title='bbox 600 1787 759 1815; x_wconf 81' lang='lat' dir='ltr'>rotationis·</span> <span class='ocrx_word' id='word_1_401' title='bbox 782 1788 928 1823; x_wconf 80' lang='lat' dir='ltr'>afficitur,</span> <span class='ocrx_word' id='word_1_402' title='bbox 962 1790 1040 1825; x_wconf 87' lang='lat' dir='ltr'>quod</span> <span class='ocrx_word' id='word_1_403' title='bbox 1066 1790 1285 1826; x_wconf 86' lang='lat' dir='ltr'>phaenomenon</span> <span class='ocrx_word' id='word_1_404' title='bbox 1315 1789 1372 1816; x_wconf 87' lang='lat' dir='ltr'>ulla</span> <span class='ocrx_word' id='word_1_405' title='bbox 1403 1787 1465 1817; x_wconf 89' lang='lat' dir='ltr'>sine</span> <span class='ocrx_word' id='word_1_406' title='bbox 1496 1787 1669 1816; x_wconf 88' lang='lat' dir='ltr'>difficultate.</span> <span class='ocrx_word' id='word_1_407' title='bbox 1688 1787 1814 1825; x_wconf 81' lang='lat' dir='ltr'>explica-</span> 
     </span>
     <span class='ocr_line' id='line_1_34' title="bbox 296 1837 1816 1878; baseline 0.002 -12"><span class='ocrx_word' id='word_1_408' title='bbox 296 1844 344 1866; x_wconf 85' lang='lat' dir='ltr'>tur</span> <span class='ocrx_word' id='word_1_409' title='bbox 360 1858 372 1874; x_wconf 85' lang='lat'>,</span> <span class='ocrx_word' id='word_1_410' title='bbox 403 1837 491 1867; x_wconf 83' lang='lat' dir='ltr'>modo</span> <span class='ocrx_word' id='word_1_411' title='bbox 517 1838 725 1866; x_wconf 87' lang='lat' dir='ltr'>conductorem</span> <span class='ocrx_word' id='word_1_412' title='bbox 748 1839 835 1868; x_wconf 70' lang='lat' dir='ltr'>DGC</span> <span class='ocrx_word' id='word_1_413' title='bbox 864 1839 934 1876; x_wconf 78' lang='lat' dir='ltr'>(fig.</span> <span class='ocrx_word' id='word_1_414' title='bbox 958 1844 1018 1878; x_wconf 60' lang='lat'>355)</span> <span class='ocrx_word' id='word_1_415' title='bbox 1047 1851 1113 1871; x_wconf 81' lang='lat' dir='ltr'>non</span> <span class='ocrx_word' id='word_1_416' title='bbox 1130 1849 1263 1878; x_wconf 85' lang='lat' dir='ltr'>tanquam</span> <span class='ocrx_word' id='word_1_417' title='bbox 1284 1840 1388 1870; x_wconf 85' lang='lat' dir='ltr'>lineam</span> <span class='ocrx_word' id='word_1_418' title='bbox 1408 1840 1472 1870; x_wconf 85' lang='lat' dir='ltr'>sine</span> <span class='ocrx_word' id='word_1_419' title='bbox 1501 1839 1650 1876; x_wconf 85' lang='lat' dir='ltr'>crassitie,</span> <span class='ocrx_word' id='word_1_420' title='bbox 1679 1840 1729 1870; x_wconf 86' lang='lat' dir='ltr'>sed</span> <span class='ocrx_word' id='word_1_421' title='bbox 1752 1847 1816 1869; x_wconf 88' lang='lat' dir='ltr'>tan·</span> 
     </span>
    </p>
   </div>
   <div class='ocr_carea' id='block_1_5' title="bbox 1730 1897 1821 1929">
    <p class='ocr_par' dir='ltr' id='par_1_8' title="bbox 1730 1897 1821 1929">
     <span class='ocr_line' id='line_1_35' title="bbox 1730 1897 1821 1929; baseline 0 -7"><span class='ocrx_word' id='word_1_422' title='bbox 1730 1897 1821 1929; x_wconf 59' lang='lat' dir='ltr'>quam&gt;</span> 
     </span>
    </p>
   </div>
   <div class='ocr_carea' id='block_1_6' title="bbox 334 1968 1105 2056">
    <p class='ocr_par' dir='ltr' id='par_1_9' title="bbox 334 1968 1105 2056">
     <span class='ocr_line' id='line_1_36' title="bbox 335 1968 1065 2009; baseline 0.01 -14"><span class='ocrx_word' id='word_1_423' title='bbox 335 1968 489 2003; x_wconf 74' lang='lat' dir='ltr'>(27)Cfi.</span> <span class='ocrx_word' id='word_1_424' title='bbox 508 1970 620 1998; x_wconf 63' lang='lat' dir='ltr'>,Annales</span> <span class='ocrx_word' id='word_1_425' title='bbox 637 1978 683 1999; x_wconf 75' lang='lat' dir='ltr'>etc.</span> <span class='ocrx_word' id='word_1_426' title='bbox 710 1980 775 1999; x_wconf 85' lang='lat' dir='ltr'>tom.</span> <span class='ocrx_word' id='word_1_427' title='bbox 790 1975 845 1999; x_wconf 59' lang='lat' dir='ltr'>YX.</span> <span class='ocrx_word' id='word_1_428' title='bbox 866 1983 925 2007; x_wconf 81' lang='lat' dir='ltr'>pag.</span> <span class='ocrx_word' id='word_1_429' title='bbox 944 1976 988 2007; x_wconf 86' lang='lat'>69.</span> <span class='ocrx_word' id='word_1_430' title='bbox 1009 1983 1065 2009; x_wconf 65' lang='lat' dir='ltr'>seqz</span> 
     </span>
     <span class='ocr_line' id='line_1_37' title="bbox 334 2013 1105 2056; baseline 0.006 -14"><span class='ocrx_word' id='word_1_431' title='bbox 334 2013 418 2050; x_wconf 76' lang='lat'>(28)</span> <span class='ocrx_word' id='word_1_432' title='bbox 442 2017 501 2045; x_wconf 79' lang='lat' dir='ltr'>eff.</span> <span class='ocrx_word' id='word_1_433' title='bbox 525 2019 637 2044; x_wconf 63' lang='lat' dir='ltr'>Annales</span> <span class='ocrx_word' id='word_1_434' title='bbox 657 2024 704 2046; x_wconf 83' lang='lat' dir='ltr'>etc.</span> <span class='ocrx_word' id='word_1_435' title='bbox 732 2027 795 2046; x_wconf 83' lang='lat' dir='ltr'>tom.</span> <span class='ocrx_word' id='word_1_436' title='bbox 814 2021 872 2048; x_wconf 64' lang='lat' dir='ltr'>XX.</span> <span class='ocrx_word' id='word_1_437' title='bbox 901 2030 958 2055; x_wconf 81' lang='lat' dir='ltr'>pag.</span> <span class='ocrx_word' id='word_1_438' title='bbox 977 2029 1011 2056; x_wconf 79' lang='lat'>70</span> <span class='ocrx_word' id='word_1_439' title='bbox 1028 2029 1105 2056; x_wconf 68' lang='lat' dir='ltr'>seqq,</span> 
     </span>
    </p>
   </div>
   <div class='ocr_carea' id='block_1_7' title="bbox 1923 172 1930 763">
    <p class='ocr_par' dir='ltr' id='par_1_10' title="bbox 1923 172 1930 763">
     <span class='ocr_line' id='line_1_38' title="bbox 1923 172 1930 763; baseline 0 0"><span class='ocrx_word' id='word_1_440' title='bbox 1923 172 1930 763; x_wconf 95' lang='lat' dir='ltr'> </span> 
     </span>
    </p>
   </div>
  </div>
 </body>
</html>
