1961 2438
327 112 369 149 24
836 103 1291 148 c.‘EKAMA

388 509 462 566 Ad
477 532 535 566 alia
552 533 674 566 dudum
699 544 750 566 me
771 541 864 567 vocat
892 534 1025 577 hujusce
1054 534 1118 568 diei
1151 535 1355 574 solemnitas,
1382 534 1445 567 diei
1472 535 1585 568 natalis
1609 534 1798 568 Academiae

323 589 663 633 Lugduno-Batavae‚
687 602 784 634 quam
813 598 885 624 ante
914 592 973 624 hos
998 592 1153 624 ducentos
1182 592 1395 636 quadraginta
1430 599 1504 624 octo
1539 603 1659 632 annos,
1692 595 1798 635 auspi·

325 647 380 677 ciis
408 658 428 678 c
444 658 464 679 11
480 659 491 678 1
507 659 525 678 L
541 659 552 678 1
568 659 585 678 Ε
601 658 619 678 L
636 658 662 678 M
679 659 689 678 ι
724 659 741 681 1²
760 659 779 679 n
798 658 808 680 1
825 661 849 680 M
866 660 876 680 1
915 660 933 680 A
953 659 972 680 u
990 659 1008 679 n
1027 659 1038 680 1
1054 659 1073 680 A
1090 659 1109 680 c
1125 660 1155 686 1,
1181 648 1281 680 Patris
1298 649 1435 687 Patriae,
1458 648 1588 682 feliciter
1605 648 1768 681 conditam
1784 670 1796 688 ,

322 714 378 746 per
408 703 487 735 laeta
520 703 634 734 deinde
662 714 717 746 per
740 704 839 736 tristia
870 704 1014 736 stabilem
1040 715 1165 748 semper
1191 704 1317 736 firmam
1349 711 1381 735 et
1408 705 1651 744 inconcussam,
1682 705 1790 736 etiam·

324 771 412 791 nunc
434 759 646 798 incolumem,
678 766 772 803 atque
802 761 1023 792 munificentia
1051 762 1198 804 inprimis
1221 767 1252 792 et
1276 760 1383 791 favore
1411 772 1639 793 GUILIELMI
1674 772 1794 793 Primii

322 826 467 848 orfitus
495 826 613 847 nroxs
636 816 881 859 amplificatam,
908 820 1015 860 vigere
1042 829 1115 849 cum
1144 818 1296 856 maxime,
1322 816 1449 857 florere,
1472 818 1648 860 gaudemus
1677 816 1791 856 hodie,

321 871 493 909 laetamur,
526 878 616 914 grato
641 883 714 915 erga
739 873 843 904 Deum
873 875 1043 906 Summum
1072 884 1180 906 rerum
1207 872 1399 913 Arbitrum,
1431 875 1540 906 animo
1566 885 1625 918 pro
1657 874 1791 918 perenni

317 928 416 959 salute
446 934 519 959 vota
550 928 696 960 facientes
718 929 889 972 suppliceS.

362 1044 419 1074 Per
445 1042 523 1073 laeta
548 1053 604 1085 per
629 1042 728 1072 tristia
754 1042 840 1073 stetit
861 1041 915 1073 illa
934 1043 1047 1075 seculis
1070 1043 1135 1075 sere
1153 1043 1282 1076 duobus
1300 1054 1374 1075 cum
1397 1042 1549 1084 dimidio,
1573 1043 1685 1088 utique
1699 1052 1788 1077 com-7

317 1099 409 1130 muni
434 1099 579 1129 omnium
605 1109 709 1129 rerum
735 1098 948 1131 humanarum
974 1101 1053 1132 sorti
1074 1100 1224 1133 obnoxia.
1272 1105 1378 1144 Atque
1397 1099 1460 1132 hoc
1481 1103 1577 1133 etiam
1609 1111 1696 1132 anno
1719 1100 1783 1133 fata

318 1166 374 1186 sua
400 1154 510 1185 habuit
540 1161 575 1185 ut
599 1165 767 1197 prospera,
791 1156 836 1187 sic
860 1162 891 1188 et
909 1157 1050 1190 adversa.
1097 1157 1237 1188 Adversa
1263 1157 1388 1198 nolim,
1415 1167 1498 1200 quae
1524 1168 1775 1188 commemorare

314 1211 379 1253 jam
410 1210 506 1252 exigit
529 1210 609 1241 dura
638 1211 812 1242 necessitas.
858 1215 924 1245 Hoc
954 1220 1060 1244 tamen
1087 1213 1200 1244 solatio
1229 1223 1306 1244 mox
1335 1214 1497 1256 erigamur
1520 1213 1626 1247 A.A.!
1649 1224 1781 1258 prospe}

312 1277 362 1306 ra,
385 1276 466 1310 quae
489 1265 634 1300 lubentes
656 1266 909 1308 celebrabimus,
933 1268 1064 1303 adversa
1093 1269 1190 1314 longe
1218 1269 1423 1315 multumque
1446 1281 1606 1315 superare.

352 1432 493 1464 Primum
528 1433 598 1476 ipso
627 1436 736 1466 aetatis
768 1434 869 1474 flore,
902 1446 1026 1467 annum
1056 1435 1177 1468 scilicet
1210 1443 1357 1479 agentem
1395 1436 1590 1468 tricesimum
1622 1435 1776 1479 quintum

308 1498 395 1519 mors
410 1491 577 1521 immatura
600 1493 704 1536 rapuit
722 1491 818 1523 eheu!
866 1493 981 1525 Virum
999 1493 1309 1524 Praestantissimum
1333 1504 1355 1524 c.
1368 1504 1471 1524 EORG
1485 1503 1561 1524 rum
1584 1503 1714 1524 solinu
1726 1503 1779 1523 Bu

309 1552 386 1577 vAx
410 1556 486 1577 nnn
509 1557 611 1579 Boon
636 1558 778 1581 MESCH.
822 1551 922 1581 Patris
949 1549 1126 1581 doctissimi
1149 1549 1297 1593 exemplo
1326 1560 1401 1581 cum
1433 1549 1609 1581 Medicinae
1634 1560 1669 1581 se
1691 1549 1776 1580 dica-

306 1607 408 1639 verat,
434 1601 559 1645 expleto
586 1604 618 1634 in
647 1605 817 1637 Academia
846 1612 969 1644 nostra,
1002 1617 1118 1649 magna
1144 1617 1219 1637 cum
1251 1606 1361 1643 laude,
1388 1606 1570 1637 studiorum
1599 1606 1773 1644 sexennio,

307 1665 468 1689 summum
495 1659 529 1689 in
544 1666 620 1694 Arte
636 1671 692 1692 sua
708 1664 871 1693 Honorem
888 1672 974 1693 anno
999 1662 1097 1705 hujus
1119 1661 1219 1693 seculi
1239 1661 1432 1693 duodecimo
1450 1667 1658 1699 consecutus,
1680 1661 1773 1704 praxi

310 1723 343 1743 se
366 1713 452 1746 dedit
474 1717 767 1758 Hagae-Comitum
791 1718 874 1750 felici
895 1728 1060 1757 successu,
1083 1718 1269 1762 clarumque
1289 1718 1431 1749 obtinuit
1455 1717 1564 1748 locum
1585 1723 1616 1748 et
1638 1728 1770 1750 nomen.

311 1770 376 1799 Hac
395 1772 670 1805 commendatione
702 1786 789 1806 anuo
820 1774 919 1806 seculi
947 1774 1073 1806 decimo
1109 1786 1199 1806 nono
1232 1775 1272 1806 ad
1305 1774 1533 1806 professionem
1559 1775 1773 1806 Oeconomiae

311 1825 425 1857 ruralis
450 1828 728 1861 extraordinariam
754 1831 818 1862 huc
845 1837 995 1862 evocatus
1022 1830 1106 1862 fuit:
1136 1841 1234 1873 quam
1269 1831 1409 1873 suscepit
1437 1830 1581 1861 oratione
1612 1829 1654 1860 de
1689 1837 1775 1862 recta

305 1883 513 1915 oeconomiae
542 1886 654 1917 ruralis
674 1888 860 1918 institucione
879 1885 1095 1923 Academcca,
1128 1897 1200 1917 cum
1226 1889 1332 1918 ceteris
1362 1886 1530 1929 dLsciplc'nis
1546 1885 1684 1928 physicis
1705 1893 1773 1918 tam

303 1944 388 1968 arcte
407 1940 594 1981 conjuncta,
619 1948 655 1973 ut
673 1949 817 1974 mutuam
841 1949 874 1974 et
896 1944 1106 1975 necessariam
1131 1953 1226 1986 opem
1247 1943 1308 1973 sibi
1320 1943 1445 1981 ferant.
1488 1944 1562 1973 Post
1581 1941 1771 1981 biennium,

307 1998 343 2022 ut
358 1998 568 2037 praeceptoris
590 2009 607 2028 B
618 2009 636 2029 n
647 2009 762 2030 ncMA
776 2009 861 2031 Ns11
874 2023 884 2038 ,
911 2000 1036 2031 Summi
1055 1999 1144 2041 Viri,
1168 1998 1325 2030 desiderio
1342 1998 1448 2041 aliqua
1461 2009 1500 2029 ex
1516 2004 1603 2040 parte
1624 1998 1771 2030 consule-

301 2056 410 2089 retur,
440 2051 590 2085 Chemiac
620 2054 781 2087 docendae
814 2056 980 2099 provincia
1011 2055 1059 2088 illi
1083 2055 1144 2087 fuit
1177 2055 1336 2088 mandata.
1393 2054 1454 2087 Sed
1488 2054 1572 2086 ultra
1615 2054 1773 2085 trimestre

1721 2109 1776 2142 ad·
