1930 2448
369 118 406 150 16
626 117 659 149 P.
703 112 1249 148 LUYLENBROEK
1305 114 1588 146 ORATIO.

369 215 545 242 NEPIUM,
572 213 857 239 wnmummnr,
889 211 1181 238 CAFPRLLHJM,
1218 203 1361 244 egregios
1389 202 1485 233 habui
1521 204 1687 245 magistros
1719 207 1750 232 et
1782 201 1837 233 be·

372 263 577 305 nignissimos
604 260 760 297 fautores,
785 261 818 291 in
845 260 926 291 hanc
957 257 1158 290 Academiam
1186 258 1324 289 delatum
1351 260 1393 290 ita
1415 270 1465 290 me
1489 260 1680 302 excepisti5‚
1705 266 1739 290 ut
1765 269 1836 301 gra-

372 329 462 356 vem,
487 329 583 360 quem
609 328 647 348 ex
676 318 860 354 Athenan,
885 321 931 346 tot
958 314 1144 346 nominibus
1174 315 1254 346 mihi
1280 327 1352 346 caro
1383 323 1478 359 atque
1507 316 1662 355 colendo,
1692 317 1838 347 abiturus

372 385 581 418 conceperam
609 373 753 405 dolorem
771 397 781 411 ‚
816 383 892 403 mox
928 373 1099 402 maximam
1134 379 1254 415 partem
1282 375 1393 404 Vestra
1418 383 1514 416 opera
1539 373 1700 404 sublatum
1726 383 1832 403 sense-

372 435 445 463 rim.
492 430 588 470 Quod
615 430 673 463 tibi
695 430 852 472 imprimis
877 440 927 459 me
952 428 1065 460 debere
1096 429 1195 460 laetus
1223 429 1376 473 profiteor
1394 453 1404 469 ,
1438 429 1607 473 Magnifice
1629 433 1760 467 nector,
1785 440 1841 460 vo-

374 488 488 530 bisque
518 486 766 529 Disciplinarum
796 485 1090 516 Matliematicarum
1118 493 1149 517 et
1184 487 1381 528 Linguarum
1407 486 1618 518 Orientalium
1644 485 1838 517 Professores

370 544 556 592 clarissimi,
588 552 940 580 EYR1,GELDERE‚
973 551 1104 574 PALMI
1135 548 1166 572 et
1190 551 1450 582 HAMAKan,
1482 553 1621 585 quorum
1655 542 1779 573 erudita
1809 548 1842 573 et

373 599 515 642 jucunda
534 599 744 630 familiaritate
766 608 816 628 me
834 596 1015 627 studiorum
1035 607 1128 628 causa
1146 598 1180 629 in
1207 598 1265 630 hac
1283 599 1451 630 Academia
1475 606 1671 638 versantem,
1691 605 1760 629 toto
1781 597 1839 629 illo

375 664 517 700 tempore
533 666 628 687 usum
645 665 711 686 esse
729 654 763 684 in
780 653 948 696 praecipua
963 652 1120 684 felicitatis
1130 664 1217 685 meae
1233 661 1320 696 parte
1338 665 1462 697 semper
1478 665 1550 686 sum
1564 654 1751 692 habiturus,
1763 664 1839 685 cum

376 713 534 756 quidquid
554 712 593 743 ad
616 711 782 753 ingenium
809 709 1009 748 ornandum,
1035 711 1187 753 varioque
1213 711 1434 743 doctrinarum
1466 722 1581 754 genere
1599 710 1811 742 imbuendum
1827 733 1838 749 ‚

376 769 534 813 quidquid
554 769 594 800 ad
611 768 752 800 nominis
766 766 978 798 celebritatem
992 766 1130 809 aliquam
1152 767 1232 798 mihi
1252 766 1690 811 comparandam‚qnidquid
1699 766 1838 808 denique

373 827 411 858 ad
430 826 623 857 hodiernum
647 824 803 855 honorem
823 823 1089 866 consequendum
1106 822 1243 853 conferri
1268 825 1424 866 potuerit,
1449 823 1530 855 illud
1546 824 1580 854 in
1599 834 1649 855 me
1667 821 1842 854 contuleri-

376 885 417 916 tis
442 882 704 914 cumulatissime.
760 882 827 911 Tua
860 881 1043 923 praesertim
1082 890 1342 920 HAMAKERE,
1372 881 1429 913 Vir
1463 880 1511 913 Cl.
1545 891 1620 923 erga
1654 890 1706 911 me
1734 879 1847 910 merita

376 942 496 983 majora
523 945 617 978 sunt,
641 948 737 982 quam
760 948 841 979 quae
869 937 975 980 dignis
1003 936 1152 968 extollam
1174 938 1292 971 verbis.
1337 940 1448 982 Neque
1481 938 1576 970 etiam
1603 944 1639 969 tu
1659 937 1686 969 is
1712 947 1765 975 es,
1787 936 1846 979 qui.

378 999 440 1029 hoc
473 1008 490 1028 a
524 1007 574 1027 me
598 995 726 1039 publice
754 994 825 1025 fieri
855 993 1016 1037 postules,
1047 995 1101 1026 sed
1119 994 1177 1038 qui
1200 995 1234 1027 id
1257 995 1360 1027 multo
1380 999 1482 1038 magis
1503 1002 1612 1039 optes,
1640 1002 1677 1027 ut
1691 1005 1725 1026 re
1748 1002 1849 1037 quam

379 1054 485 1086 verbis
512 1063 619 1084 meum
651 1051 710 1082 tibi
734 1057 860 1094 gratum
888 1051 1032 1083 animum
1057 1052 1246 1095 significem.
1292 1053 1509 1094 Quamobrem
1531 1051 1566 1083 id
1591 1061 1717 1094 semper
1739 1051 1849 1081 omni·

378 1111 438 1142 bus
470 1111 548 1141 meis
575 1108 697 1141 viribus
724 1108 881 1148 conabor,
901 1115 955 1148 ut,
975 1109 1246 1152 quemadmodum
1267 1117 1302 1143 tu
1320 1120 1467 1144 JONESI
1480 1122 1491 1142 1
1519 1107 1702 1151 exemplum
1720 1106 1850 1138 imitan-

379 1168 457 1198 dum
477 1166 535 1197 tibi
561 1165 775 1209 proposuisti,
798 1176 857 1207 ego
875 1164 968 1196 talem
988 1177 1038 1197 me
1057 1173 1235 1210 praestem,
1253 1179 1350 1212 quem
1371 1178 1418 1200 ΗΛ
1431 1178 1485 1200 ΜΔ
1497 1176 1594 1199 ΚΒΜ
1613 1163 1745 1206 vestigia
1759 1162 1852 1205 sequi

378 1223 516 1255 voluisse
547 1222 692 1260 (utinam
711 1227 742 1252 et
756 1228 900 1253 secutum
917 1233 984 1254 esse
996 1221 1026 1263 l)
1048 1222 1221 1266 aliquando
1229 1236 1341 1257 omnes
1358 1236 1426 1256 uno
1445 1234 1500 1255 ore
1518 1221 1725 1254 contendant.
1748 1217 1848 1259 Quod.

379 1291 455 1311 vero
480 1286 517 1310 ut
546 1290 583 1310 ex
608 1285 684 1311 voto
710 1278 791 1309 mihi
821 1278 984 1317 succedat,
1017 1285 1066 1318 te,
1106 1282 1165 1312 Vir
1191 1280 1426 1313 celeberrime!
1465 1287 1497 1312 et
1527 1281 1593 1312 Vos
1625 1286 1738 1309 omnes
1774 1277 1854 1307 Pto.

380 1336 512 1367 sessores
545 1336 618 1367 VV.
640 1337 700 1366 CC.
725 1345 783 1365 oro
799 1340 893 1377 atque
910 1335 1053 1366 obtestor
1068 1357 1079 1374 ,
1103 1343 1140 1368 ut
1158 1338 1192 1369 in
1214 1349 1301 1370 novo
1325 1337 1507 1369 studiorum
1526 1333 1688 1367 curriculo
1709 1337 1852 1364 veterem

380 1393 471 1424 istam
503 1391 585 1423 mihi
612 1390 795 1423 concedatis
823 1391 995 1422 amicitiam
1027 1398 1057 1423 et
1089 1393 1329 1436 benignitatem,
1384 1396 1452 1437 Ego
1476 1398 1583 1429 certe,
1613 1390 1641 1421 si
1660 1388 1760 1420 ullam
1781 1397 1855 1418 um-

383 1460 480 1492 quam
512 1448 615 1480 Vobis
641 1447 790 1491 discipuli
814 1446 1061 1489 significaverim
1093 1451 1264 1492 pietatem,
1299 1451 1381 1483 hanc
1403 1458 1582 1492 numquam
1609 1456 1661 1477 me
1682 1443 1851 1476 derelictu-

381 1517 453 1537 rum
479 1512 515 1536 ut
538 1507 712 1536 certissime
736 1504 822 1540 scio,
847 1504 890 1533 ita
918 1504 1010 1535 vobis
1036 1516 1074 1535 ex
1100 1508 1210 1538 animo
1232 1507 1396 1551 polliceor.

424 1561 476 1595 Ad
500 1564 566 1594 Vos
590 1561 728 1603 denique
750 1570 801 1590 me
826 1567 1000 1599 converte,
1031 1563 1235 1594 Ornatissimi
1256 1564 1354 1606 hujus
1371 1562 1558 1596 Academiae
1580 1559 1680 1593 cives!
1704 1558 1744 1591 ad
1766 1558 1855 1590 hunc

383 1630 484 1662 usque
508 1618 593 1650 diem
620 1618 738 1649 amicos
768 1615 849 1647 mihi
878 1622 909 1647 et
934 1616 1079 1656 sodales,
1104 1629 1181 1657 nec,
1208 1626 1243 1651 ut
1261 1631 1370 1663 spero,
1392 1621 1425 1651 in
1446 1626 1612 1663 posterum
1640 1616 1703 1648 alio
1724 1615 1857 1647 nomine

383 1674 632 1719 compellandos.
683 1674 730 1705 Ne
761 1672 878 1715 putetis
919 1683 1038 1704 munus
1073 1675 1153 1706 mihi
1188 1676 1330 1708 delatum
1369 1687 1478 1709 meum
1511 1687 1529 1706 a
1563 1673 1663 1706 Vobis
1704 1672 1857 1703 alienasse

382 1734 547 1771 animum,
569 1731 651 1774 quin
675 1728 809 1761 credatis
836 1728 918 1759 nihil
949 1740 1105 1772 umquam
1140 1742 1192 1764 me
1217 1734 1318 1776 magis
1345 1740 1556 1770 conaturum,
1586 1730 1649 1762 nisi
1671 1735 1707 1760 ut
1728 1729 1859 1760 Vestrae

384 1800 494 1820 causae
524 1787 776 1819 addictissimum
803 1796 854 1816 me
880 1785 1056 1817 ostendam.
1112 1787 1177 1820 Vos
1202 1800 1279 1823 vero
1307 1791 1403 1821 etiam
1431 1791 1524 1821 enixe
1550 1797 1661 1831 precor
1688 1791 1724 1816 ut
1744 1786 1857 1815 Vestra

382 1857 433 1877 me
458 1845 596 1876 amicitia
619 1844 772 1887 prosequi
798 1842 957 1884 pergatis,
982 1842 1128 1887 mihique
1161 1857 1276 1878 manus
1299 1846 1392 1878 vobis
1410 1845 1558 1877 offerenti
1588 1852 1703 1874 manus
1725 1841 1856 1872 Vestras

385 1902 577 1945 porrigatis,
600 1906 636 1931 ut
657 1900 703 1930 sic
732 1898 913 1941 conjunctis
937 1899 1077 1940 viribus,
1097 1902 1131 1932 in
1158 1901 1304 1934 doctrina
1323 1910 1418 1946 atque
1433 1902 1567 1934 honoris
1583 1899 1686 1933 stadio
1708 1907 1854 1942 progres-

386 1969 441 1991 sus·
459 1957 611 1989 faciamus
635 1955 820 1988 Academiae
847 1955 1178 1997 Lugduno—Batavae
1193 1959 1319 1992 civibus
1345 1959 1561 2003 dignissimos.

1002 2056 1239 2093 DIXI.
