1930 2448
400 120 629 152 RESPONSIO
659 130 703 152 An
736 122 1046 161 QUAEsrioNEM
1063 125 1304 164 JURIDmAM.
1580 144 1614 172 23

95 204 224 241 ipsorum
238 205 337 233 merita
359 213 411 241 per
434 214 464 234 se
488 212 618 234 accurate
643 205 854 243 diJudIcentur3
884 215 983 236 verum
1006 215 1038 237 ut
1067 208 1132 238 inde
1158 216 1252 246 pateat
1275 211 1344 247 quid
1369 219 1432 240 ante
1449 211 1613 246 Gothofre.

92 257 157 284 dum
176 257 210 284 ad
228 256 416 286 restituendas
431 257 494 285 illas
510 258 587 293 leges
605 256 711 285 factum
735 264 828 293 esset,
850 258 954 293 quidve
981 259 1142 289 faciendum
1164 270 1352 299 superesset3
1389 272 1476 298 quare
1497 264 1521 293 si
1536 265 1611 295 forte

94 307 252 343 iniquiores
269 307 415 336 videamur
428 308 457 337 in
474 308 539 338 illos
556 308 648 345 thos
659 329 668 342 ,
686 308 775 345 magis
796 317 894 337 eorum
916 318 1026 339 errores
1041 318 1197 349 notantes,
1221 323 1305 349 quam
1321 314 1421 344 merita
1442 317 1587 347 laudantes
1598 333 1608 349 2

92 358 234 387 tribuatur
251 359 280 388 id
295 368 355 389 non
371 359 475 397 nobis,
499 360 549 389 sed
563 359 659 396 operis
675 358 800 388 instituti
816 359 931 389 rationi.

597 437 625 472 §-
649 445 679 471 4.
719 435 872 472 Dionysius
893 435 1093 474 Gothofivdus.

126 513 288 550 Dionysius
302 512 502 543 Gothofredus
529 512 655 549 propriis
676 513 736 542 suis
759 513 788 541 in
811 514 865 542 XII
881 513 955 543 Tab.
985 517 1062 552 leges
1090 517 1201 546 meritis
1225 518 1271 547 hic
1293 522 1390 549 locum
1416 522 1545 552 obtinere
1561 525 1613 553 de-·

89 564 149 593 bet.
190 565 234 594 De
254 564 413 594 doctissimi
431 564 486 594 viri
506 565 639 593 universe
655 565 684 593 in
699 564 953 602 Jurisprudentiam
975 567 1084 597 meritis
1101 578 1160 598 non
1184 578 1259 606 opus
1278 577 1322 599 est
1342 578 1373 600 ut
1391 574 1511 603 multum
1532 575 1607 605 dica.

86 623 173 651 mus3
197 615 440 651 praestantissima
461 615 534 645 enim
559 615 702 652 Corporis
724 615 802 650 ,Iuris
829 616 974 653 editione,
997 627 1068 654 quae
1089 619 1118 648 in
1145 621 1273 650 omnium
1295 623 1425 653 manibus
1450 632 1604 662 versatur,

83 667 152 695 satis
166 667 195 695 in
209 667 324 696 claruit.
367 668 488 705 Qualem
510 674 603 697 autem
631 675 746 704 operam
768 669 923 698 contulerit
938 669 973 698 ad
987 670 1044 699 XII
1059 670 1136 700 T-ab.
1166 673 1341 710 colligendas
1360 681 1387 703 et
1411 675 1602 712 disponendas

86 719 185 754 paullo
204 718 371 754 diligentius
390 718 536 749 videamus
558 719 661 757 (29).

120 769 241 805 Duplici
257 770 462 799 commentario
480 770 531 799 has
547 772 624 808 leges
643 777 793 807 aggressus
810 776 874 806 est,
899 780 1022 807 quorum
1046 774 1117 802 alter
1134 774 1221 811 magis
1241 775 1320 805 tituli
1340 785 1422 813 quam
1444 780 1602 815 argumenti

79 828 164 849 eausa
182 821 228 849 hic
248 821 391 857 pertinere
408 820 533 851 videtur.
574 822 607 851 In
623 821 675 850 illo
692 821 766 850 enim
784 823 992 851 commentario
1010 825 1086 860 leges
1106 833 1121 852 a
1139 825 1282 855 Cicerone
1308 827 1338 857 in
1354 828 1454 858 Libris
1475 831 1509 859 de
1523 832 1597 868 Leg.

78 873 176 901 allatas
193 881 293 902 omnes
319 872 433 909 refert,
460 873 655 909 brevibusque
681 871 800 901 scholiis
826 872 968 910 illustrat,
998 884 1177 912 nequaquam
1202 885 1295 907 autem
1314 879 1365 908 has
1384 882 1480 917 leges,
1501 889 1534 911 ut
1551 883 1599 911 alii

76 931 238 961 putarunt,
266 933 366 954 omnes
383 932 451 953 vere
476 924 535 953 ΧΠ·
555 923 632 953 Tab.
662 932 723 952 esse
754 925 922 962 perhibuit,
955 937 1011 964 qua
1036 931 1070 958 de
1097 939 1126 958 re
1147 930 1230 959 initio
1258 933 1454 962 commentarii
1480 943 1596 965 monet:

78 997 96 1013 ,‚
114 977 197 1014 Quae
215 978 314 1013 leges,
333 976 426 1012 inquit
439 996 450 1011 ‚
471 985 505 1004 ex
523 975 674 1005 Ciceronis
690 976 789 1005 Libris
817 977 852 1006 de
875 978 951 1016 Leg.
980 981 1130 1017 decerptae
1149 990 1234 1010 verae
1258 983 1312 1012 XII
1330 984 1406 1014 Tab.
1428 994 1488 1015 non
1505 995 1595 1023 sunt,

72 1028 124 1057 sed
143 1036 157 1056 a
175 1028 317 1057 Cicerone
334 1028 437 1064 partim
454 1028 606 1063 inventae,
627 1027 731 1064 partim
749 1036 783 1056 ex
799 1028 871 1065 ipsis
887 1030 1000 1067 legibus
1016 1032 1072 1060 XII
1091 1032 1168 1062 Tab.
1194 1033 1383 1071 interpolatae
1408 1037 1506 1074 (30);
1525 1038 1595 1067 fecit

70 1077 159 1114 igitur
186 1078 308 1106 mixtura
335 1085 464 1107 veterum
493 1079 587 1114 legum
619 1086 772 1114 rerumque
796 1079 923 1115 ipsarum
948 1081 1079 1120 utilitas,
1108 1090 1142 1112 ut
1162 1093 1208 1114 eas
1234 1086 1337 1115 lectori
1365 1096 1592 1124 proponeremus

69 1137 130 1160 non
153 1135 209 1157 tam
226 1135 258 1157 ut
275 1137 321 1158 eas
337 1135 525 1166 cognosceret
545 1138 627 1165 quam
643 1137 680 1158 ne
696 1129 887 1166 ignoraret.”

109 1180 194 1209 Alter
210 1187 303 1209 autem
320 1181 540 1209 commentarius
566 1180 656 1216 magis
679 1180 737 1208 huc
761 1188 895 1216 spectat,
917 1184 1000 1221 cujus
1029 1184 1079 1220 qui
1099 1194 1207 1223 scopus
1235 1187 1323 1217 fuerit
1346 1191 1393 1219 vel
1419 1191 1538 1220 maxime
1555 1200 1590 1220 ex

69 1231 135 1269 ipso
150 1230 327 1260 Gothofredi
345 1230 441 1267 operis
461 1230 547 1260 titulo
570 1238 657 1268 patet.
698 1231 869 1262 Inscribitur
887 1235 960 1264 enim
975 1235 1149 1274 fragmenta
1173 1241 1301 1276 germina
1320 1241 1413 1279 legam
1435 1242 1501 1271 XII
1516 1243 1586 1272 Tab-

67 1283 109 1311 ud
120 1281 158 1319 ff.
181 1289 208 1311 et
227 1281 294 1310 Cod.
313 1284 414 1310 seriem
437 1282 646 1312 accommodata
663 1289 714 1312 etc.
753 1283 794 1312 Et
810 1284 865 1313 hoc
884 1286 950 1315 loco
967 1287 1070 1316 merito
1090 1288 1244 1319 observare
1266 1290 1334 1320 licet
1354 1295 1501 1328 quomodo
1517 1304 1596 1331 pau--

65 1333 143 1364 latim
170 1333 327 1370 fragmenta
351 1334 386 1362 ad
411 1334 536 1370 germani
561 1334 668 1364 ordinis
700 1335 874 1365 accesserint
898 1337 1137 1376 restitutionem3
1167 1342 1223 1379 jam
1250 1342 1324 1373 enim
1350 1351 1470 1373 auctore
1492 1346 1591 1375 Di0n0-

62 1385 158 1415 Goth.
175 1385 264 1422 magis
282 1386 316 1414 ad
331 1386 412 1415 illum
432 1394 633 1424 accesserunt,
660 1397 821 1425 quanquam
842 1398 901 1418 non
925 1390 1087 1427 adtigerunt
1104 1392 1168 1420 illae
1193 1394 1282 1430 leges.
1324 1394 1391 1423 Hoc
1414 1395 1503 1432 igitur
1514 1405 1585 1426 con-

63 1437 159 1466 silium
177 1436 335 1473 fragmenta
353 1437 526 1474 disponendi
542 1439 576 1467 ad
601 1441 731 1469 ordinem
757 1441 791 1471 ff.
812 1448 840 1471 et
857 1442 978 1473 Codicis
1001 1443 1102 1472 seriem
1128 1445 1163 1473 ab
1182 1445 1247 1481 ipso
1271 1446 1380 1483 Jacobo
1397 1447 1581 1476 Gothofredo

63 1487 183 1517 maxime
198 1488 350 1524 laudatur,
371 1488 472 1525 partim
491 1489 556 1525 quia
574 1490 630 1520 hoc
654 1491 721 1528 ipso
748 1492 961 1529 insequentium
987 1495 1176 1524 collectorum
1199 1504 1314 1532 operam
1337 1498 1485 1527 allevatam
1506 1499 1591 1536 judi--

61 1545 125 1574 cat,
145 1539 248 1576 partim
268 1539 351 1568 etiam
372 1539 438 1575 quia
456 1539 671 1571 similitudinem
688 1544 797 1574 ordinis
823 1545 898 1574 inter
922 1546 977 1575 XII
995 1546 1072 1576 Tab.
1093 1554 1120 1576 et
1136 1547 1168 1577 ff.
1188 1548 1364 1577 intercedere
1381 1550 1579 1586 demonstrat,

63 1591 200 1627 quodque
219 1591 361 1627 exemplis
389 1592 512 1627 probare
530 1601 651 1623 conatur
673 1596 689 1630 (
701 1596 774 1633 31).
817 1596 992 1625 Germanum
1020 1604 1114 1626 autem
1143 1598 1224 1627 illum
1249 1599 1346 1628 haberi
1371 1601 1500 1629 ordinem
1517 1611 1586 1631 nonr

58 1642 189 1672 voluisse
202 1643 249 1671 vel
265 1642 317 1670 hac
334 1650 364 1670 re
381 1642 522 1678 probatur
533 1664 543 1679 ‚
566 1646 644 1680 quod
660 1645 726 1683 ipse
738 1648 823 1677 aliurn
840 1655 965 1677 secutus.-
977 1648 1035 1685 sit,
1058 1657 1141 1684 quem
1165 1656 1193 1678 et
1210 1649 1324 1679 aliunde
1347 1651 1585 1687 petitisidoneis-

57 1688 232 1731 argumentis
252 1693 374 1729 probare
389 1700 417 1721 et
436 1695 632 1725 commendare
651 1705 773 1727 conatus
790 1705 855 1734 est,
878 1699 920 1727 uti
936 1708 1005 1728 mox
1020 1699 1200 1730 videbimus-f

97 1745 212 1783 Quodsi
222 1744 308 1781 igitur
316 1743 517 1780 disquisitione
525 1747 558 1775 de
568 1748 667 1779 ordine
675 1749 761 1779 missa
770 1771 780 1786 ,
792 1751 827 1780 ad
837 1750 995 1788 fragmenta
1002 1752 1065 1788 ipsa
1072 1754 1239 1783 accedamus
1252 1776 1261 1790 ‚
1276 1764 1471 1786 caveamus-ne
1483 1757 1568 1787 titulo

57 1795 326 1835 operis—deceptiet
343 1795 373 1825 in
390 1804 514 1826 errorem
529 1798 648 1828 inducti<
659 1801 775 1839 majoris
791 1802 885 1839 pretii
897 1802 1192 1833 existimemus-hosce
1212 1808 1462 1844 commentarios,
1484 1818 1577 1844 quam

1506 1866 1579 1896 qma

87 1930 170 1965 (²9³)
189 1929 272 1956 conf.
292 1928 325 1954 d'e
343 1929 425 1957 Dion.
441 1932 663 1960 Gom..Haub'01d
680 1935 730 1963 131.
748 1942 806 1969 pag.
821 1937 864 1970 78.

87 1976 164 2011 (30)
183 1976 373 2003 Conf..Cicero
391 1976 424 2002 de
436 1978 503 2010 Leg.
522 1978 580 2006 Lib.
596 1980 645 2007 111.
678 1984 769 2014 „Non
789 1975 1033 2017 recognoscimus,-
1043 1986 1148 2018 inquit,
1165 1995 1235 2014 nunc
1252 1986 1325 2021 leges
1345 1989 1443 2022 Populi
1461 1987 1497 2016 R}
1518 1990 1572 2015 sed‘

51 2030 95 2055 aut
111 2023 258 2056 repetimus
275 2029 438 2056 ereptas-aut
453 2031 539 2051 novas»
548 2026 701 2056 scribimus.
711 2028 729 2039 ”

81 2069 161 2104 (312)
181 2068 370 2103 Conf..Jacob.
388 2070 470 2097 Goth.
487 2072 505 2098 l.
521 2072 540 2098 l.
558 2073 584 2099 in
603 2074 691 2107 Epist.
704 2073 960 2117 adllectorempagj
979 2076 1123 2111 165&in-
