1930 2448
345 111 586 153 'RESPoNsro
622 127 666 152 am
699 114 1012 159 QUAEsrroNEM
1050 117 1286 156 JURIDICAM.
1574 127 1593 155 9

117 204 254 236 Externis
276 204 359 233 bellis
383 211 524 241 occupato
547 204 659 241 populo
684 202 839 237 Romano,
864 209 972 238 paucos
995 209 1085 230 annos
1106 210 1121 230 a
1147 201 1291 231 seditiosis
1323 200 1450 230 motibus
1474 200 1587 236 requies

82 258 156 294 fuitg
180 265 277 286 verum
293 264 324 284 ea
343 254 384 284 illi
401 256 451 284 diu
471 254 530 284 frui
550 263 610 284 non
626 254 728 290 licuit,
756 259 821 282 cum
842 253 879 282 C.
903 252 1080 281 Terentillus
1104 252 1178 281 Arsa
1206 251 1356 282 Tribunus
1380 251 1474 288 plebis
1500 253 1592 288 legem

81 307 238 345 tulit(16)
256 316 289 334 eo
306 306 385 335 Plebi
403 306 554 343 gratiorem
566 327 577 343 ,
599 314 657 341 quo
675 304 764 341 magis
782 313 833 341 per
852 312 912 332 earn
930 302 1094 332 Consulum
1116 303 1315 332 auctoritatem
1333 302 1423 332 minui
1444 302 1594 331 sentiebat.

81 359 160 388 Haec
180 360 246 393 lex,
269 366 340 393 quae
352 357 385 386 ab
406 364 523 386 auctore
535 348 580 386 lex
590 354 750 385 Terentina
768 355 842 384 dicta
862 361 926 390 est,
949 362 982 382 eo
1001 354 1167 390 spectabat,
1193 361 1226 383 ut
1242 354 1406 383 Consulum
1425 359 1551 391 potestas
1565 353 1594 381 in

79 412 143 448 iure
169 417 223 445 pro
252 408 369 436 arbitrio
401 408 524 437 dicundo
550 407 635 436 certis
669 406 843 442 scriptisque
878 405 990 442 legibus
1026 404 1336 434 circumscriberetur:
1371 411 1438 441 „ut
1466 404 1593 440 quinque

82 460 138 490 viri
157 466 321 489 crearentur
336 458 450 495 legibus
465 459 500 487 de
514 458 636 495 imperio
655 457 799 487 consulari
824 455 1004 492 scribendis,
1026 455 1103 491 quod
1120 457 1247 492 populus
1272 456 1302 485 in
1320 465 1352 485 se
1366 457 1413 493 jus
1431 455 1541 484 dederit
1558 462 1592 482 eo

83 512 244 541 Consulem
263 518 381 539 usurum
395 531 405 546 ,
426 518 485 539 non
503 509 585 545 ipsos
600 508 746 538 libidinem
762 516 793 537 ac
812 507 955 537 licentiam
981 515 1060 536 suam
1078 515 1133 543 pro
1159 508 1222 543 lege
1239 507 1389 535 habituros
1405 508 1419 543 (
1433 507 1505 543 17).
1546 506 1597 534 Pa-

81 568 162 598 tres,
184 562 226 590 uti
243 570 293 598 par
313 567 390 596 erat,
413 560 549 590 omnibus
570 559 677 596 opibus
693 559 848 595 resistere3
870 567 965 596 neque
980 558 1026 587 hic
1046 566 1119 595 opus
1139 563 1182 586 est
1201 566 1328 588 enarrare
1345 564 1418 586 artes
1432 563 1459 585 et
1474 555 1595 585 molimi-

84 622 139 648 na,
162 613 267 648 quibus
283 620 318 641 ne
335 613 382 640 lex
398 611 575 647 perferretur
594 611 641 640 usi
657 617 726 640 sunt
752 610 887 646 Patricii‚
917 619 1012 646 neque
1033 609 1258 639 machinationes
1278 616 1305 637 et
1319 608 1471 638 conamina
1490 606 1599 635 Tribu-

83 672 205 698 norum,
236 669 268 692 ut
286 663 399 691 tandem
417 662 578 699 perferrent
595 663 696 700 (18):
729 662 798 698 quid
822 662 935 691 multa?
958 661 1078 690 sufficiat
1097 661 1143 690 hic
1169 659 1262 689 dicere
1276 681 1286 696 ,
1318 666 1388 696 post
1411 667 1515 688 novem
1537 664 1599 685 tur-

82 714 182 742 barum
202 721 248 749 et,
271 714 444 743 seditionum
461 722 552 743 annos
573 714 685 743 tandem
702 713 798 742 Patres
817 713 918 749 ipsos,
939 712 1012 741 duce
1031 712 1101 740 Tito
1119 712 1253 740 Romelio
1275 711 1450 745 Consulari,
1466 716 1598 738 auctores

81 765 175 801 ipsius
199 765 269 801 legis
297 764 453 794 exstitisse.
498 765 606 802 Legem
633 764 721 801 igitur
745 765 985 800 promulgarunt,
1014 770 1047 792 ut
1076 763 1258 791 mitterentur
1286 761 1371 798 legati
1396 761 1525 790 Athenas
1548 760 1600 794 Sp.

84 815 291 851 Posthumius,
313 817 351 844 A.
372 813 524 852 Manlius,
547 816 580 844 P.
598 814 745 851 Sulpicius
771 815 943 844 Camerinus
973 823 1007 843 ex
1034 814 1132 843 ordine
1155 813 1364 849 Patriciorum,
1385 812 1517 850 jussique
1534 816 1603 839 sunt

83 868 205 903 inclytas
223 868 300 904 leges
321 867 437 896 Solonis
459 867 621 896 describere
637 873 666 896 et
683 866 801 895 aliarum
825 865 961 895 Graeciae
986 866 1134 896 civitatum
1162 865 1316 899 instituta,
1336 872 1453 899 mores,
1474 864 1597 900 juraque

82 926 202 947 noscere
221 919 322 954 (19).
364 917 427 946 Hos
446 919 502 956 jam
520 920 628 956 legatos
653 927 752 948 revera
765 917 895 946 Athenas
915 918 1103 955 pervenisse,
1125 917 1249 952 indeque
1273 917 1351 951 leges
1376 921 1539 951 reportasse
1557 919 1602 940 est

84 970 163 1004 quc-d
179 968 313 998 nonnulli
338 969 512 998 recentiores
539 977 640 1000 contra
665 964 793 999 veterum
816 970 982 999 testimonia
1003 970 1035 999 in
1060 968 1178 997 dubium
1209 962 1403 1000 revocarunt,
1431 973 1514 1000 quam
1534 963 1600 999 opi—

83 1021 197 1048 nionem
210 1041 219 1055 ,
240 1019 268 1048 in
287 1028 342 1054 qua
352 1020 407 1056 jam
427 1020 496 1048 olim
516 1021 703 1050 versabantur
712 1020 868 1050 Bonamins
885 1020 988 1044 Canus
1001 1014 1072 1051 (20)
1085 1021 1113 1042 et
1130 1014 1287 1043 GibbonUS
1301 1015 1415 1050 AnglUS
1427 1034 1437 1049 ν
1459 1014 1603 1049 hOdieqUe

82 1070 240 1098 doctissimi
260 1070 394 1099 nonnulli
414 1070 470 1098 viri
485 1071 514 1099 in
531 1070 687 1098 Germania
704 1066 880 1103 praesertimfi
889 1067 1100 1102 amplectuntur
1127 1066 1190 1102 (21
1206 1066 1234 1102 ).
1275 1065 1340 1093 Nec
1362 1071 1455 1093 tamen
1475 1065 1602 1098 desunt,

83 1120 131 1154 qui
143 1119 311 1147 contrariam
331 1121 500 1148 sententiam
515 1119 658 1148 vindicare
669 1119 823 1154 studeant,
845 1117 920 1146 inter
939 1125 1013 1152 quos
1029 1123 1056 1145 et
1070 1116 1272 1146 Gothofredus
1289 1115 1352 1152 ipse
1361 1116 1446 1152 (22).
1475 1115 1540 1143 Nos
1550 1122 1599 1141 au-

81 1177 135 1198 tem
157 1178 215 1198 non
232 1169 395 1198 dubitamus
416 1170 586 1199 sententiam
602 1169 739 1199 Heerenii
747 1170 802 1198 viri
821 1168 901 1198 Clar.
924 1174 1052 1197 nostram
1070 1167 1183 1203 facere,
1206 1167 1327 1196 dicentis
1344 1167 1415 1195 hanc
1433 1165 1601 1202 legationem

82 1221 194 1248 missam
220 1219 310 1247 fuisse
336 1220 486 1256 Athenas,
515 1221 616 1256 ibique
639 1221 828 1257 pervenisse,
857 1219 989 1256 pluribus
1019 1226 1047 1248 et
1065 1218 1247 1256 gravioribus
1271 1224 1400 1247 veterum
1426 1214 1598 1244 testimoniis

82 1270 197 1305 doceri,
216 1278 297 1305 quarn
319 1276 350 1298 ut
367 1270 400 1298 de
417 1279 451 1298 co
470 1270 599 1299 dubitare
617 1271 703 1300 nobis
716 1272 801 1301 liceat
816 1272 914 1309 (23).
959 1270 1026 1299 Etsi
1046 1270 1133 1306 igitur
1157 1278 1255 1299 revera
1272 1271 1349 1305 leges
1362 1267 1396 1296 ab
1414 1265 1601 1295 Atheniensi·

83 1321 136 1348 bus
155 1319 259 1354 petitas
277 1326 337 1346 esse
360 1319 561 1357 admittamus,
589 1323 745 1352 cavendum
770 1330 864 1352 tamen
892 1330 928 1351 ne
952 1328 1082 1355 temere,
1111 1319 1136 1349 si
1159 1320 1236 1348 forte
1261 1319 1419 1347 similitudo
1448 1317 1603 1346 intercedat

83 1370 137 1407 legi
162 1369 308 1399 Romanae
335 1377 399 1397 cum
419 1371 481 1406 lege
501 1371 630 1405 Graeca,
654 1382 712 1398 eam
739 1373 836 1404 statim
859 1373 893 1402 ab
914 1371 1142 1401 Atheniensibus
1163 1370 1282 1404 petitam
1303 1376 1472 1398 statuamus.
1513 1368 1602 1397 Com-

1544 1425 1605 1446 mu-

120 1489 202 1523 (16)
222 1489 272 1516 Ao.
290 1488 358 1516 Urb.
378 1488 515 1516 CCXCII.

117 1533 131 1566 (
147 1535 201 1567 ¹7)
221 1535 304 1561 Coxis.
324 1534 431 1567 Livius,
450 1536 482 1562 L.
501 1534 552 1562 111.
578 1541 604 1560 c.
618 1541 726 1567 9—31.
760 1534 837 1561 Dion.
852 1534 990 1561 Halicarn.
1004 1534 1052 1562 XI.

117 1579 195 1612 (19.)
215 1582 298 1605 conf.
317 1583 423 1612 Livius,
444 1582 496 1608 111.
513 1588 617 1625 2—11.
652 1582 732 1608 Dion.
746 1581 884 1608 Halicarn.
902 1581 950 1607 XI.
1087 1579 1164 1613 (19)
1183 1580 1287 1613 Livius,
1307 1578 1357 1604 ΙΙΙ.
1384 1584 1407 1603 c.
1423 1583 1467 1608 31.

117 1624 199 1658 (ρο)
219 1626 260 1651 De
279 1625 397 1652 anm-nii
419 1629 551 1653 sententia
563 1647 571 1659 ,
595 1626 639 1653 cff.
660 1628 792 1652 Tem-ason.
811 1626 875 1652 hist.
891 1625 924 1652 de
940 1627 964 1652 la
987 1626 1090 1660 Jurisp.
1110 1627 1241 1653 Romaine
1253 1644 1262 1657 ,
1280 1633 1308 1658 p.
1324 1622 1439 1657 77-86.
1458 1622 1503 1647 ubi
1524 1621 1597 1647 illius

84 1673 176 1705 opinio
192 1673 341 1704 explicatur
359 1679 383 1697 et
400 1674 543 1700 refutatur.

121 1717 200 1750 (ει)
221 1717 271 1743 Cff.
295 1718 338 1744 Ci.
359 1719 536 1752 Warnlcanig,
558 1721 584 1745 in
606 1721 733 1746 versione
761 1719 878 1749 Gallica,
906 1718 974 1750 Cap.
995 1725 1038 1750 44·
1079 1719 1208 1748 cmm,
1235 1724 1264 1748 p.
1280 1721 1305 1748 5.
1330 1715 1377 1741 ubi
1401 1715 1427 1739 in
1452 1715 1521 1740 notis
1548 1715 1600 1739 itae

85 1764 229 1797 L'OpissiOn
246 1764 389 1796 ssQative,
407 1772 458 1798 que
475 1766 587 1792 l'auteur
603 1767 724 1799 professe
737 1782 746 1796 ‚
764 1771 804 1791 est
823 1763 991 1797 aujoutd'hui
1014 1769 1131 1796 presque
1150 1762 1348 1795 generalement
1367 1759 1481 1793 adopte‘e
1497 1767 1599 1786 notam-

86 1818 174 1841 ment‚
197 1818 241 1843 par
259 1810 298 1836 M.
314 1811 354 1837 M.
371 1810 505 1838 Niebuhr,
529 1812 603 1845 Hugo
618 1819 645 1838 et
661 1819 766 1843 πεῖθε,
782 1819 809 1844 p.
823 1818 866 1844 97.

120 1857 199 1887 (22)
219 1856 298 1888 Quod
321 1857 433 1882 dicimus
459 1857 658 1884 Gothofredum
679 1857 850 1884 referendum
874 1863 932 1883 esse
957 1857 1027 1883 inter
1055 1862 1122 1887 eos,
1147 1857 1194 1889 qui
1218 1861 1335 1881 veterum
1359 1853 1521 1878 testimoniis
1547 1852 1603 1877 nixi

91 1909 185 1927 revera
209 1903 307 1933 lebatos
331 1904 445 1929 Athenas
470 1911 626 1937 pervenisse
648 1904 768 1935 docent,
798 1904 914 1937 probare
940 1903 1018 1928 nobis
1045 1910 1126 1936 posse
1153 1901 1297 1931 videmur,
1319 1899 1391 1930 quod
1418 1899 1442 1924 in
1473 1900 1537 1932 cap.
1554 1899 1606 1924 ΧΙΙ

89 1948 176 1973 Tabb.
190 1948 234 1972 ubi
248 1955 368 1972 veterum
391 1950 542 1975 testimonia
562 1949 656 1981 affert,
681 1951 769 1975 literis
788 1949 921 1975 distinctis
946 1955 975 1974 ea
995 1949 1079 1975 verba
1102 1948 1200 1975 excudi
1226 1947 1349 1978 curavit,
1387 1946 1482 1978 quibus
1508 1945 1605 1971 diserte

90 1994 252 2026 significatur
274 1995 389 2021 Athenas
412 1997 505 2022 missos
527 1996 611 2021 fuisse
634 1998 745 2029 legatos.
781 1995 833 2022 cff.
852 1996 880 2022 11.
905 2004 934 2028 p.
949 2001 1065 2028 53-ο59.
1089 2002 1113 2022 et
1138 1995 1168 2023 61
1181 1994 1257 2028 -63.
1278 1994 1325 2020 ubi
1346 1993 1421 2019 etiam
1443 1992 1520 2018 brevi
1543 1997 1604 2016 nota

91 2041 154 2065 hauc
173 2042 326 2066 sententiam
344 2041 501 2075 confirmat:
520 2041 575 2069 vid.
593 2047 668 2075 opera
685 2045 784 2068 mt'nora
799 2041 867 2067 edita
887 2049 901 2066 a
913 2042 1023 2067 Trotzio.

125 2086 181 2119 (23
192 2085 208 2119 J
226 2087 321 2113 Heeretz
334 2104 342 2116 2
360 2088 501 2115 Handbuclz
512 2088 558 2115 der
574 2093 676 2115 stamen
690 2088 729 2115 des
746 2087 925 2121 Altertlzums,
941 2095 969 2122 p.
986 2095 1047 2121 420.

921 2133 945 2162 Β
