1930 2448
302 102 358 131 1'02
653 94 696 126 G.
776 94 817 124 C.
885 91 1475 125 B.SUR1NGAR

305 190 392 220 posse
417 181 558 210 videatur.
599 180 693 209 Antea
718 177 851 208 nimirum
878 176 928 207 Cl.
953 175 1100 212 Peritum,
1121 176 1317 207 ambustorum
1345 179 1496 208 vulnerum
1519 178 1678 212 cicatricem
1702 188 1817 222 turpem

305 234 513 271 explicantem,
534 231 700 267 audientes,
721 229 863 264 diximus,
885 237 940 258 nos
967 235 1067 265 postea
1096 236 1211 264 qnoque
1241 229 1298 258 hoc
1321 230 1540 267 phaenomenon
1566 241 1630 261 esse
1657 235 1814 271 explicatu.

307 294 377 321 ros,
408 283 514 320 quibus
544 282 643 312 verbis
669 289 701 310 ut
728 281 812 310 fidem
848 280 1004 315 faciamus,
1036 285 1202 316 sequentem
1235 279 1412 317 ingeniosam
1443 289 1520 311 certe
1548 283 1598 313 Cl.
1622 285 1818 324 Praeceptoris

306 338 362 365 hoc
385 336 420 365 de
447 340 614 372 argumento
640 333 808 363 sententiam
830 332 940 361 tradere
963 331 1058 360 liceat.
1099 330 1276 367 Credimus,
1303 323 1351 362 vel
1374 333 1509 370 fingimus
1530 344 1634 372 nempe
1655 345 1721 366 cum
1746 322 1835 368 Viro’

307 387 500 422 Clarissimo,
531 386 620 414 cutim
653 386 803 414 humanam
829 382 963 419 tegminis
987 382 1112 411 adinstar
1138 391 1201 411 esse
1225 390 1442 422 constructam,
1474 392 1502 415 et
1524 387 1638 423 quidem
1662 387 1720 424 ita,
1749 395 1783 418 ut
1806 397 1823 418 e

305 438 416 475 duplici
440 444 529 466 strato
556 436 714 471 fibrarum,
736 443 768 463 se
792 435 914 464 invicem
940 433 1174 469 decussantium,
1201 436 1389 472 compositam
1419 446 1478 467 earn
1505 439 1663 469 credamus.
1713 440 1745 470 si
1771 440 1828 470 ita·

309 498 366 526 que
392 488 613 523 combustione,
637 487 712 524 (qua
731 486 787 515 hoc
813 484 927 522 saepius
945 485 1006 514 fieri
1029 484 1161 521 autopsia
1186 493 1316 516 constare
1335 489 1478 526 potest),
1498 496 1547 518 aut
1569 489 1624 519 alia
1648 491 1824 528 quacunque

307 542 341 570 de
367 541 453 569 causa
468 561 478 577 ,
500 539 634 577 superius
666 545 777 567 tantum
804 544 922 565 stratum
946 544 1119 572 cutaneum,
1148 545 1163 565 e
1190 537 1271 567 fibris
1298 540 1536 570 transversalibus
1558 548 1715 578 constans,
1738 543 1825 572 tolla.

310 600 374 629 tur,
397 591 518 621 inferius
537 598 630 620 autem
652 590 791 619 intactum
813 588 1011 624 relinquatur,
1034 589 1081 617 vel
1105 589 1204 618 saltem
1231 597 1390 626 remaneat,
1412 591 1560 621 cicatrices
1585 593 1738 622 admodum
1765 600 1827 622 tur-

309 652 360 680 pes
384 643 509 679 relinqui
535 643 652 672 debent.
694 641 819 670 Stratum
845 639 979 669 nimirum
1003 640 1058 668 hoc
1087 638 1206 668 inferius
1227 648 1434 678 componentes
1460 643 1548 672 fibrae
1577 644 1824 680 longitudinales,

309 695 390 723 libris
414 694 530 723 alterius
558 693 640 722 strati
663 692 900 722 transversalibus
927 699 985 720 non
1011 690 1135 727 amplius
1161 690 1191 720 in
1215 691 1274 721 situ
1298 701 1352 722 suo
1380 701 1408 722 et
1429 696 1505 732 Justa
1526 695 1682 723 directione
1711 704 1827 724 servan-

309 753 377 782 tur,
400 746 450 774 sed
469 746 626 774 secundum
652 744 883 781 longitudiiiem,
905 751 960 779 pro
984 742 1056 777 sua,
1081 744 1139 778 qua
1158 750 1244 779 sunt,
1265 743 1476 783 irritabilitate,
1498 754 1562 775 sese
1585 745 1777 783 contrahere,
1798 752 1828 776 et

309 797 350 825 sic
377 796 518 826 cicatricis
543 797 638 825 minus
666 796 786 824 decorae
812 803 925 823 causam
955 793 1056 822 sistere
1080 801 1218 830 possunt.

349 848 458 877 Verum
487 849 555 877 haec
590 847 755 882 mittamus,
787 852 921 883 superest
949 844 1045 881 enim,
1075 852 1107 874 ut
1135 845 1261 876 breviter
1290 848 1486 885 explicemus,
1515 857 1552 878 an
1575 849 1605 878 in
1627 849 1823 886 vulneribus,

313 901 434 937 quadam
461 899 637 930 substantiae
659 901 770 938 jactura
793 898 957 933 comitatis,
978 897 1154 934 regeneratio
1174 907 1293 934 quoque
1314 907 1363 928 aut
1386 900 1571 936 reproductio
1593 903 1689 931 locum
1713 902 1827 932 habeat.

312 952 407 989 Quam
433 960 493 980 rem
519 957 551 979 ut
584 952 727 988 explicare
756 951 924 987 possimus,
954 949 1103 978 indicanda
1139 957 1182 979 est
1211 951 1304 987 primo
1335 953 1543 982 vocabulorum
1569 954 1827 993 Reproductionis,

313 1004 570 1041 Regenerationis,
601 1004 834 1032 Restammionis
870 1010 897 1032 et
922 1002 1056 1032 similium
1083 1002 1277 1038 significatio:
1308 1005 1364 1041 jam
1393 1014 1462 1033 vero
1489 1014 1541 1042 per
1563 1006 1664 1034 haecce
1687 1006 1829 1035 vocabula

314 1054 467 1091 significari
491 1056 566 1083 solet
587 1054 730 1091 singulare
759 1055 830 1083 illud
855 1055 984 1083 Naturae
1012 1053 1161 1090 opificium
1176 1074 1185 1089 ,
1218 1063 1276 1090 quo
1305 1062 1421 1091 partes,
1443 1065 1628 1092 quocumque
1649 1057 1758 1092 modo,
1779 1063 1830 1086 aut.

316 1114 457 1142 prorsus,
479 1112 527 1134 aut
551 1106 729 1142 aliquatenus
758 1107 942 1143 deperditae,
973 1106 1131 1134 redduntur
1156 1105 1280 1142 iterum,
1308 1106 1499 1136 restituuntur
1523 1114 1609 1143 atque
1633 1108 1828 1143 complentur.

313 1157 410 1194 CuJus
435 1157 628 1185 restitutionis
656 1158 762 1193 duplex
789 1164 832 1186 est
861 1158 953 1186 ratio:
986 1159 1034 1186 vel
1057 1157 1191 1186 nimirum
1220 1158 1367 1193 deperdita
1393 1158 1486 1186 affecti
1512 1158 1644 1194 corporis
1668 1158 1829 1187 substantia

315 1216 375 1237 tota
402 1208 579 1244 renascitur,
603 1215 631 1236 et
654 1208 812 1245 pristinae,
841 1208 870 1238 in
896 1209 979 1246 cujus
1002 1209 1098 1236 locum
1125 1208 1274 1245 succedit,
1301 1209 1476 1238 substantiae
1504 1218 1625 1246 prorsus
1645 1208 1747 1251 similis
1763 1215 1830 1244 est,

316 1262 362 1290 vel
388 1269 464 1290 nove
489 1268 621 1298 generata
647 1260 762 1289 materia
785 1268 881 1289 veram
907 1260 1095 1288 substantiam
1123 1259 1268 1295 imitatur,
1297 1270 1362 1290 curn
1387 1263 1478 1298 ezlque
1505 1271 1565 1290 non
1592 1261 1649 1290 nisi
1671 1260 1829 1297 analogiam

317 1315 458 1350 quandam
484 1314 583 1344 habet.
624 1313 677 1343 Ille
698 1312 890 1342 restitutionis
917 1313 1020 1341 modus
1045 1313 1223 1349 regeneratio
1242 1321 1334 1349 vera,
1357 1313 1404 1342 hic
1426 1314 1606 1350 regeneratio
1630 1321 1717 1341 sensu
1735 1311 1830 1340 latiori

317 1373 432 1402 sumta,
455 1365 516 1395 sive
534 1366 688 1404 improprie
707 1364 786 1393 dicta
806 1364 947 1393 nominari
971 1370 1079 1400 potest.
1122 1363 1163 1392 Ut
1179 1370 1274 1392 autem
1298 1364 1473 1400 regeneratio
1497 1373 1567 1394 vera
1591 1365 1688 1393 locum
1707 1363 1830 1398 habeat,

317 1417 494 1453 requiritur,
517 1424 550 1446 ut
570 1425 647 1446 nove
671 1422 801 1453 generata
821 1416 982 1445 substantia
1004 1424 1018 1444 e
1043 1414 1151 1444 talibus
1179 1415 1320 1445 consistat
1348 1416 1501 1452 partibus,
1524 1424 1596 1452 quae
1616 1416 1651 1444 ad
1672 1414 1834 1451 deperditae

321 1468 496 1497 substantiae
526 1468 676 1504 qualitates
701 1467 832 1504 proxime
853 1468 1006 1502 accedant,
1035 1467 1055 1496 i.
1077 1476 1102 1496 e.
1131 1475 1165 1495 ex
1191 1467 1288 1495 eadem
1316 1474 1451 1496 constent
1478 1467 1613 1502 materie,
1644 1465 1760 1495 eandem
1786 1464 1836 1493 ha-

320 1520 405 1549 beant
426 1520 586 1555 fabricam,
609 1520 730 1549 eundem
757 1518 883 1547 referant
912 1519 1062 1553 colorem,
1085 1517 1185 1546 iisdem
1211 1518 1367 1555 fungantur
1393 1518 1561 1547 muneribus
1583 1518 1682 1555 (44).

359 1570 516 1608 Quaeritur
544 1570 661 1606 itaquc,
688 1579 722 1598 an
751 1569 779 1598 in
800 1578 924 1606 corpore
947 1569 1072 1598 humano
1098 1569 1220 1606 partium
1248 1570 1378 1599 mollium
1407 1571 1534 1599 obtineat
1561 1569 1761 1607 regeneratio?
1788 1567 1838 1597 An

320 1622 406 1655 haec,
428 1622 452 1649 si
474 1623 570 1650 locum
596 1621 717 1656 lrabeat,
740 1620 926 1656 reproductio
953 1629 1024 1648 vcra
1047 1620 1165 1649 dicenda
1191 1621 1253 1650 sit?
1283 1628 1310 1650 et
1331 1621 1442 1650 tandem
1463 1629 1599 1656 quaenam
1622 1621 1680 1655 sit,
1711 1619 1736 1648 si
1760 1627 1839 1655 rege-

321 1671 427 1700 neratio
454 1681 520 1701 vera
546 1673 575 1702 in
605 1672 720 1701 homine
753 1680 812 1701 non
840 1671 1023 1706 inveniatur,
1053 1671 1139 1708 huJus
1176 1672 1366 1707 phaenomeni
1399 1673 1500 1701 ratio?
1540 1671 1702 1708 Triplicem
1731 1671 1838 1700 hancce

323 1722 519 1756 quaestionem
547 1723 671 1752 breviter
697 1723 895 1760 explicemus,
925 1729 953 1752 et
983 1722 1128 1751 ordiamur
1154 1732 1169 1752 a
1194 1723 1299 1759 prima·

361 1775 389 1802 A
415 1781 563 1810 tempore,
585 1783 645 1810 quo
669 1775 718 1804 Cl.
747 1774 839 1803 Fabre
865 1781 951 1810 atque
973 1775 1041 1810 alii,
1066 1775 1115 1811 qui
1143 1776 1228 1813 hujus
1253 1783 1375 1806 mentem
1402 1777 1524 1806 ulterius
1547 1776 1745 1813 explicarunt,
1774 1783 1838 1812 par-

324 1825 395 1853 tium
424 1826 634 1862 deperditarum
659 1827 903 1863 regenerationem
931 1826 1055 1856 refutare
1088 1828 1184 1857 conati
1210 1834 1280 1857 sunt
1299 1828 1381 1857 multi
1405 1828 1469 1856 Viri
1493 1826 1686 1862 Doctissimi‚
1716 1834 1836 1862 magnus

323 1883 471 1905 auctorum
497 1878 552 1906 hoc
579 1879 614 1907 de
637 1885 805 1915 argumento
827 1877 884 1907 fuit
910 1878 1084 1914 dissensus,
1114 1880 1181 1909 dnm
1206 1880 1254 1909 alii
1277 1881 1383 1909 nullam
1405 1888 1526 1915 prorsus
1548 1887 1686 1908 novarum
1712 1877 1836 1914 partium

325 1929 555 1967 generationem,
585 1932 615 1962 in
648 1932 840 1968 vulneribus,
869 1931 931 1961 fieri
962 1932 1146 1969 statuebant,
1172 1932 1221 1962 alii
1255 1939 1325 1961 vero
1356 1932 1457 1968 magna
1489 1929 1723 1960 observationum
1753 1927 1838 1963 copia

1756 1980 1844 2008 hanc-

362 2061 442 2096 (44)
461 2065 543 2092 Conf.
565 2066 599 2094 O.
618 2067 695 2094 Huhn
715 2067 910 2094 Commentario
931 2073 990 2094 ante
1012 2067 1128 2101 laudata,
1146 2075 1205 2102 pag.
1220 2074 1246 2100 4.
