1930 2448
251 136 288 165 18
567 129 981 162 TACONIS
1079 129 1450 162 ROORDA«

254 224 347 251 astra,
370 224 440 244 suos
459 213 563 243 habere
587 213 714 249 incolas,
737 213 802 249 quis
823 213 896 242 sciat
913 212 980 241 illos
1001 211 1084 241 etiam
1105 212 1228 249 iisdem,
1252 213 1357 249 quihus
1377 222 1431 243 nos
1444 234 1454 249 ‚
1477 213 1599 242 iudicare
1625 215 1729 251 regulis
1740 215 1760 245 ’ζ

255 276 349 296 nonne
371 265 453 294 etiam
475 265 526 294 hae
546 267 623 302 leges
643 271 758 295 nostrae
779 265 866 294 menti
887 264 953 294 inde
971 274 987 293 a
1006 263 1159 294 nativitate.
1172 263 1274 293 insitae
1294 271 1382 301 sunt,
1400 271 1429 294 ct
1449 273 1548 294 omnes
1568 273 1681 295 nostras
1705 275 1764 296 co*

255 317 404 354 gitationes
426 318 478 346 sua
499 317 668 346 auctoritate
689 317 895 347 constituunt?

289 394 389 429 Atque
418 393 468 422 hic
496 393 646 423 subridere
671 394 749 423 mihi
771 394 872 423 videor
893 395 988 425 videre
1013 403 1111 424 omnes
1137 394 1320 430 KantIanos,
1349 400 1379 422 et
1403 400 1475 423 nutu
1502 402 1650 424 assensum
1678 403 1770 424 suum

253 443 321 471 mihi
341 443 520 484 significare.
553 445 635 481 Age,
658 444 811 481 inquiunt,
833 446 867 474 ad
887 443 1012 482 unguem
1033 444 1120 482 igitur
1141 447 1334 482 castIgemus,
1358 445 1428 481 quid
1448 445 1520 474 scire
1541 446 1635 482 possit
1651 447 1760 481 homo,

255 494 325 530 quid
345 493 464 523 minus?
506 495 641 524 Kantium
660 504 834 531 sequamur,
857 503 885 525 et
902 505 1032 527 accurate
1053 502 1151 530 nostra
1174 499 1363 536 intelligentia
1386 499 1567 528 iudicata'ita
1583 506 1762 535 statuamus,

252 545 428 574 intellectum
452 546 539 575 nobis
565 547 660 576 datum
688 556 751 576 esse
778 556 811 576 eo
836 555 944 578 tantum
970 550 1114 586 consilio,
1136 559 1195 586 quo
1217 559 1310 579 rerum
1335 557 1515 579 externarum
1540 551 1626 580 nobis
1645 551 1693 579 fiat
1715 559 1764 579 ex·

253 597 409 633 perientia3
433 597 592 634 rationem,
616 599 674 634 qua
699 599 879 635 cogitemus:
903 609 955 629 res-
975 608 1068 630 autem
1087 601 1278 639 intelligibiles
1300 611 1316 631 a
1335 602 1422 631 nobis
1449 601 1587 638 cognosci
1610 610 1670 630 non
1695 610 1765 638 pos-

252 657 302 685 5e3
336 658 398 677 esse
427 657 473 677 eas
501 657 532 678 ut
561 650 729 687 credamus,
760 654 907 687 postulare
936 653 1072 682 rationem
1103 653 1271 690 practicam.
1314 652 1407 682 Pauca
1442 653 1609 682 vobiscum.
1657 652 1765 682 Dicitis

252 699 323 728 nihil
348 709 363 728 a
390 700 476 728 rebus
498 701 625 730 externis·
651 702 685 730 ad
711 709 838 731 nostram
863 705 1012 740 pervenire
1039 704 1256 742 cognitionem,
1286 703 1341 732 nisi
1367 702 1439 732 rude
1464 703 1539 741 qnid?
1558 705 1695 732 varium:
1715 703 1763 731 sed

254 752 399 787 quomodo
433 751 490 780 hoc
527 752 731 782 confirmatis?
771 754 854 792 Quia
877 764 949 791 quas
975 757 1005 786 in
1030 757 1101 786 visis
1134 758 1327 795 conspicimus
1366 757 1541 794 qualitates,
1571 766 1665 786 earum
1705 756 1768 785 for-

253 804 414 832 mandarum
439 811 499 832 non
523 805 618 832 solum
643 804 729 833 habet
758 814 837 835 mens
868 814 967 837 nostra
991 808 1154 838 facultatem
1176 809 1431 845 habilitatemque,
1453 809 1503 838 sed
1522 817 1566 838 ner
1584 817 1629 837 eas
1650 807 1764 843 quidem

253 862 313 883 non
332 853 455 882 formare
480 861 596 890 potest:
621 864 688 892 ergo
714 865 774 885 non
800 865 868 887 sunt
891 859 919 887 in
945 860 1042 890 rebus.
1081 860 1225 897 Expedita
1251 869 1319 890 sane
1342 861 1563 898 argumentandi
1579 859 1668 889 ratio!
1692 867 1771 889 non»-

252 913 289 934 ne
316 904 354 933 ita
378 905 477 941 potius
502 906 691 942 argumentari
713 908 905 939 debuissetis:
930 910 1038 940 Harum
1063 911 1092 940 in
1113 912 1184 941 visis
1204 912 1372 948 qualitatum
1395 920 1516 947 caussa,
1537 911 1568 940 id·
1594 917 1638 940 est
1660 910 1767 947 princi-

254 956 353 991 pium,
376 957 422 984 vel
447 957 477 984 in
503 956 589 985 rebus
617 964 661 985 est
688 958 838 995 externis,
866 962 912 990 vel
936 961 966 990 in
996 970 1112 997 mente,
1141 963 1187 991 vel
1210 963 1239 991 in
1266 963 1418 999 utrisque:
1445 963 1526 999 atqui
1552 962 1645 991 menti
1666 962 1766 990 harum

256 1006 424 1041 qualitatum
451 1006 581 1036 videmus
608 1007 704 1037 inesse
721 1007 847 1039 formas:
870 1020 938 1048 ergo
964 1021 1063 1041 caussa
1087 1020 1130 1042 est
1154 1015 1199 1042 vel
1220 1013 1249 1042 in
1269 1021 1364 1043 mente
1383 1016 1470 1049 sola,
1492 1015 1539 1043 vel
1563 1013 1593 1042 in
1611 1020 1704 1041 mente
1723 1020 1775 1040 re»

255 1057 369 1092 busque
385 1058 454 1085 una.
497 1057 528 1085 Si
542 1057 595 1085 iam
613 1058 697 1086 iustis
719 1059 997 1098 affirmare-possetis
1016 1064 1192 1100 argumentis
1204 1084 1215 1100 ‚
1235 1064 1385 1100 qualitates
1402 1065 1465 1094 illas
1484 1064 1568 1093 rebus
1590 1072 1651 1092 non
1673 1063 1775 1092 inesses

254 1108 379 1136 extemis
399 1118 408 1143 ς
438 1107 476 1136 ita
501 1108 633 1144 demum,
668 1111 746 1145 quod
776 1113 937 1150 posuistis,
959 1116 1132 1145 concludere
1157 1115 1263 1151 IIceat‚
1285 1124 1379 1145 earum
1406 1124 1534 1145 caussam
1561 1115 1657 1144 menti<
1673 1114 1773 1143 inesse

254 1159 325 1187 soli.
363 1160 418 1187 Fac
439 1159 519 1196 (hoc
541 1159 617 1188 enim
645 1162 776 1197 exemplo
799 1163 841 1191 uti
864 1165 1012 1202 soletis),
1034 1174 1160 1195 camerae
1188 1166 1321 1202 cuidam,
1351 1167 1503 1195 obscuram
1533 1174 1617 1202 quam
1646 1165 1770 1200 dicunt,

256 1217 317 1238 esse
343 1216 485 1245 mentem,
508 1208 636 1239 foramen
661 1217 775 1247 autem,
800 1222 857 1249 quo
883 1215 1052 1246 immittatur
1075 1218 1192 1253 lumen,
1214 1217 1303 1246 rubro
1329 1216 1505 1247 instructum
1529 1225 1591 1245 esse
1614 1216 1703 1245 vitro.
1726 1215 1771 1244 in-

234 1260 382 1288 'callidam
408 1269 467 1289 eam
489 1260 612 1296 dicatis,
641 1261 665 1289 si
689 1270 841 1300 propterea
856 1285 867 1301 ,
899 1268 979 1303 quod
1005 1277 1105 1298 omnes
1132 1277 1177 1297 res
1202 1268 1304 1298 rubrae
1332 1268 1358 1297 ei
1380 1269 1556 1305 videantur,
1581 1267 1662 1296 hunc
1686 1265 1771 1295 etiamr

255 1312 382 1339 colorem
408 1311 479 1348 ips-is
501 1311 593 1340 inesse
619 1319 735 1343 statuat.
777 1316 866 1353 Quod
891 1318 944 1348 hac
968 1319 998 1349 in
1021 1329 1051 1349 re
1073 1321 1139 1349 vere
1167 1319 1300 1349 dictum:
1320 1320 1371 1349 sed
1391 1326 1484 1358 potest
1507 1319 1591 1348 etiam
1613 1317 1700 1347 ruber
1720 1325 1773 1345 co-

254 1362 300 1389 lor
319 1361 455 1391 omnibus
475 1362 569 1392 inesse
591 1363 689 1393 rebus.
719 1365 827 1395 Nonne
848 1369 969 1399 maxime
990 1380 1107 1407 quoque
1128 1378 1202 1400 erret
1219 1380 1349 1406 camera,
1371 1370 1396 1400 si
1415 1370 1550 1407 quoniam
1568 1370 1620 1398 has
1639 1377 1684 1398 res
1707 1376 1768 1396 mo-

255 1412 337 1448 veri,
359 1412 421 1442 illas
447 1413 578 1443 immotas
607 1423 669 1444 esse
699 1415 818 1454 videat,
841 1419 928 1449 huius
953 1423 1000 1451 vel
1022 1424 1140 1458 motus,
1163 1424 1209 1452 vel
1233 1422 1398 1458 firmitatis,
1423 1421 1478 1450 sibi
1506 1421 1602 1450 inesse
1627 1418 1770 1448 existimet

254 1464 407 1492 caussam?
448 1464 490 1493 At
511 1465 556 1494 hic
581 1473 678 1495 vester
704 1475 801 1496 error:
827 1472 933 1505 quodsi
960 1472 1082 1509 probare
1104 1474 1195 1503 vultis
1214 1483 1363 1510 caussam,
1385 1482 1437 1502 cur
1463 1472 1614 1509 qualitates
1635 1471 1705 1500 istae
1727 1470 1772 1500 vi-

255 1513 294 1541 s1s
320 1514 409 1543 insint
430 1515 499 1544 adeo
520 1523 684 1546 constanter
694 1538 708 1553 ‚.
727 1519 809 1548 sitam
834 1530 898 1551 esse
920 1522 949 1552 in
969 1524 1034 1560 ipsa
1051 1526 1154 1554 mentis
1173 1533 1287 1555 nostrae
1308 1526 1431 1560 natura3
1455 1523 1604 1559 qualitates
1628 1531 1674 1551 eas
1695 1521 1774 1558 ipsis-

256 1563 342 1592 rebus
368 1574 427 1593 non
450 1565 565 1601 inesse,
589 1567 670 1602 prius
689 1569 939 1602 demonstrandum
964 1583 1027 1603 esse
1051 1576 1177 1605 videtur.
1210 1577 1289 1612 atqui
1307 1577 1363 1605 hoc
1382 1583 1441 1604 non
1464 1573 1604 1610 potestis:
1629 1581 1674 1601 res
1692 1571 1768 1600 enim

257 1621 387 1644 externas
411 1615 497 1644 nobis
520 1623 584 1645 esse
609 1619 756 1655 occultas,
779 1621 835 1657 ipsi
860 1625 1040 1655 assentimini
1062 1626 1142 1663 (1).
1185 1628 1273 1665 Quod
1297 1634 1330 1656 ut
1345 1627 1475 1661 exemplo
1494 1625 1621 1653 firmem:
1645 1622 1767 1652 Kantius

257 1666 406 1700 qualitates
433 1675 548 1696 caussae
567 1674 594 1696 et
616 1668 736 1698 est'ectsts
762 1673 852 1701 rebus
873 1683 931 1704 non
958 1676 1051 1706 inesse
1078 1678 1276 1714 probaturus,
1297 1677 1392 1706 demta
1412 1676 1504 1711 dicit,
1527 1683 1599 1710 quae
1623 1680 1666 1702 est
1685 1673 1769 1702 intel-

255 1716 388 1752 ligentiae
412 1716 523 1752 forma,
547 1727 606 1747 non
632 1728 725 1748 rerum
753 1723 893 1760 qualitas,
916 1728 1054 1763 temporis
1074 1729 1214 1764 notione,
1237 1729 1335 1756 harum
1359 1726 1528 1763 qualitatum
1548 1732 1653 1754 restare
1678 1724 1767 1753 nihil.

255 1766 362 1795 Nonne
381 1769 450 1796 vero
471 1768 527 1796 hoc
537 1768 674 1798 arbitratu
695 1779 748 1800 suo
760 1773 855 1802 dixit?
877 1776 923 1804 cui
941 1787 1047 1813 quaeso
1061 1779 1194 1808 notiones
1212 1787 1328 1808 caussae
1350 1785 1377 1807 et
1396 1777 1517 1806 effectas
1534 1776 1606 1805 nihil
1621 1775 1770 1805 continere

255 1817 388 1846 videntur
413 1818 511 1854 aliud,
542 1821 627 1855 quam
653 1824 845 1852 successionem
869 1827 900 1853 in
925 1831 1073 1866 tempore?
1099 1839 1196 1859 nonne
1217 1830 1252 1859 ad
1279 1830 1329 1858 lias
1351 1829 1485 1858 notiones
1509 1827 1538 1856 in
1557 1826 1658 1863 primis
1679 1825 1770 1862 perti·

256 1875 323 1902 net,
345 1868 477 1899 effectum
498 1878 512 1897 e
530 1872 631 1899 caussa
641 1871 764 1909 pendere
783 1874 878 1911 (2)‘.2
900 1876 1008 1907 Melius
1029 1881 1133 1910 Cicero
1152 1882 1181 1910 In
1201 1881 1276 1910 libro
1296 1880 1330 1909 de
1348 1879 1430 1908 fato:
1464 1899 1483 1914 „
1497 1878 1627 1913 Caussa,
1650 1877 1768 1913 Inquit,

261 1927 292 1948 ea
323 1926 387 1955 est,
411 1929 482 1956 quae
506 1921 534 1949 id
560 1921 664 1958 efficit,
687 1923 769 1952 cuius
792 1933 834 1954 est
857 1935 976 1966 caussa;
1000 1938 1032 1960 ut
1055 1933 1162 1961 vulnus
1186 1932 1308 1967 mortis,
1338 1930 1464 1960 cruditas
1492 1929 1605 1965 morbi,
1627 1928 1702 1966 ignis
1725 1937 1770 1957 ar-

1720 1979 1772 2008 do·

292 2049 355 2084 (ι)
384 2050 545 2079 Reinhardus
563 2054 589 2079 iu
608 2054 694 2087 praef.
711 2055 741 2081 ad
761 2057 804 2084 ed.
823 2062 929 2087 tertiam
948 2064 1052 2095 operis,
1079 2066 1123 2091 cui
1153 2066 1269 2099 titulus,
1285 2066 1386 2100 system
1411 2063 1458 2091 der
1484 2064 1551 2093 Chr.
1568 2062 1667 2090 Metal.
1690 2070 1718 2095 p·
1739 2067 1772 2093 1³

260 2103 301 2128 sq.
328 2095 361 2122 ed
379 2104 442 2124 nov.
645 2099 709 2134 (2)
735 2102 795 2130 Vid.
817 2106 903 2139 iVolfis'
920 2109 1066 2143 Ontologia
1091 2112 1118 2146 S.
1136 2113 1195 2140 881.
