1930 2448
320 145 357 175 52
549 131 848 163 BOUDEWJNI
877 129 1088 160 DONKER
1110 130 1331 163 CURTIUS
1355 142 1397 163 w.
1420 143 1450 166 Β.
1474 141 1600 173 Fun,

355 221 406 257 40.
434 218 467 247 In
494 217 573 245 fluxu
609 215 703 244 omnis
733 215 865 243 attractio
893 220 986 243 cessat
1011 211 1133 242 circuitu
1159 212 1342 252 Interrupt03
1376 216 1453 251 quod
1486 225 1605 254 quoque
1631 217 1659 247 in
1693 220 1825 250 tensione

318 274 413 300 locum
437 277 495 298 non
521 267 626 295 habet:
649 272 780 295 cessante
808 265 882 295 enim
906 263 1165 293 communicatione
1191 264 1265 294 inter
1292 275 1415 303 corpora
1437 274 1464 295 et
1489 269 1672 306 pulvinaria,
1702 271 1828 300 Electri-

316 323 386 351 citas
411 321 439 350 in
463 318 634 355 corporibus
657 317 748 346 adhuc
774 325 826 353 per
851 316 970 352 aliquod
991 323 1105 352 tempus
1125 317 1248 345 resrdere
1273 318 1386 356 pergit,
1410 326 1438 347 et
1466 320 1526 356 ejus
1557 321 1684 351 actiones
1710 332 1829 360 quoque

315 374 418 403 adsunt
436 372 451 407 (
463 372 518 409 5).

355 424 443 452 Nunc
466 423 496 452 in
519 429 620 452 nostra
648 421 776 450 theoriae
799 421 894 450 fluxus
921 419 1102 456 expositione
1123 421 1205 450 multi
1231 430 1392 458 sequuntur
1415 423 1561 460 effectus,
1591 425 1696 461 quibus
1719 427 1826 457 similes

314 476 344 505 in
365 475 497 504 tensione
520 483 579 504 non
603 480 783 509 occurrunt‘,
812 474 909 509 quales
933 479 1000 501 sunt
1020 481 1050 501 v.
1074 481 1103 509 g.
1134 472 1206 500 actio
1231 473 1367 502 directrix
1392 474 1464 504 inter
1492 476 1564 504 duos
1588 477 1702 513 fluxus,
1731 485 1829 508 motus

315 525 501 555 conductoris
525 525 641 554 alterius
659 524 843 553 conductoris
867 523 1001 559 actione,
1024 524 1098 552 actio
1125 523 1257 559 telluris,
1279 525 1353 553 actio
1378 526 1474 555 fluxus
1502 527 1531 555 in
1561 526 1750 564 Magnetem,
1773 536 1828 560 etc.

315 579 428 607 Horum
455 577 544 614 igitur
575 577 631 604 hoc
659 575 688 604 in
716 574 811 611 capite
839 575 919 603 nulla
945 580 987 602 est
1012 574 1108 602 medio
1133 574 1272 604 facienda.
1318 576 1457 610 Remanet
1484 577 1571 614 igitur
1594 580 1675 608 solus
1705 579 1828 609 effectus

316 628 569 666 Magnetisationis
594 627 796 663 metallorum,
819 624 868 661 qui
895 633 983 661 aeque
1004 625 1035 655 in
1059 625 1190 656 tensione
1215 636 1246 656 ac
1272 627 1302 657 in
1323 628 1404 658 fluxu
1425 629 1528 666 adest,
1556 636 1584 659 et
1609 630 1658 666 qui
1681 639 1758 661 nunc
1786 639 1830 661 est

311 681 546 712 considerandus.
1824 684 1830 689 '

351 734 416 763 Cel.
440 735 549 770 Arrago
576 741 627 761 sua
654 732 847 769 experimenta
873 731 907 760 de
931 731 1175 768 Magnetisatione
1204 741 1261 769 ope
1291 733 1387 762 fluxus
1416 732 1594 768 instituens,
1625 733 1712 762 simili
1740 733 1827 762 modo

314 786 407 814 eadem
431 784 491 813 fere
517 785 713 820 phaenomena
736 793 792 821 ope
819 783 960 812 tensionis
987 784 1125 812 obtinuit.
1171 783 1318 812 Laminam
1342 782 1415 812 enim
1435 783 1555 811 ferream
1572 783 1601 812 in
1621 784 1692 812 tubo
1711 784 1826 820 vitreo,

313 837 363 865 filo
381 835 490 864 heliceo
500 835 697 871 circumdato,
716 834 855 870 inclusit3
878 841 1032 871 postquam
1044 855 1053 870 ,
1077 843 1127 871 per
1143 834 1216 863 illud
1232 834 1344 870 aliquot
1364 833 1506 863 scintiliae
1525 834 1727 870 transiissent,
1748 842 1828 864 certo

310 889 504 925 praeterlapso
536 894 686 924 tempore,
712 887 815 916 lamina
846 887 876 915 vi
897 886 1059 922 Magnetica
1078 893 1136 914 crat
1160 886 1284 920 donata3
1307 885 1331 913 si
1351 884 1491 914 scintillae
1513 894 1529 913 a
1547 886 1724 914 conductore
1743 886 1828 915 Elec-

312 939 435 968 tricitate
464 938 590 974 positiva
625 940 731 968 donato
766 937 1041 971 proficiscerentur,
1075 935 1148 965 idem
1182 943 1240 964 erat
1274 935 1398 965 effectus
1425 945 1457 964 ac
1489 936 1514 965 si
1540 936 1639 965 helicis
1665 937 1826 966 extremitas

313 997 379 1017 cum
408 989 484 1024 pilae
513 989 688 1017 extremitate
714 988 840 1024 positiva
866 988 971 1016 directe
998 987 1242 1022 communicaret,
1272 987 1294 1016 i.
1317 996 1343 1016 e.
1374 987 1399 1015 si
1430 987 1524 1016 fluxus
1550 987 1695 1024 positivus
1720 996 1771 1024 per
1795 981 1830 1016 il-

313 1041 367 1068 lam
392 1039 554 1075 transiret3
578 1039 601 1068 si
619 1046 710 1067 autem
734 1039 895 1067 conductor
916 1038 1066 1075 negativus
1085 1039 1224 1068 scintillas
1243 1040 1327 1075 edat,
1350 1039 1473 1068 effectus
1495 1047 1563 1069 sunt
1588 1040 1734 1069 contrarii.

353 1091 429 1119 Idem
456 1092 676 1127 phaenomenon
704 1099 760 1126 ope
785 1091 1005 1126 percussionum
1026 1092 1140 1126 lagenae
1159 1090 1312 1120 Leidensis
1334 1090 1458 1118 obtineri
1474 1097 1581 1126 potest.
1623 1091 1680 1120 Sed
1697 1098 1766 1120 tunc
1785 1091 1834 1120 ni·

314 1141 354 1170 hil
381 1141 449 1169 certi
467 1142 501 1169 de
521 1143 655 1178 polorum
674 1141 731 1170 situ
756 1148 885 1170 constat:
907 1142 1010 1171 horum
1035 1142 1109 1171 enim
1130 1143 1240 1179 positio
1262 1151 1316 1179 pro
1334 1142 1429 1171 lubitu
1456 1149 1607 1178 mutatur,
1636 1143 1716 1179 quod
1737 1143 1830 1172 motui

315 1193 401 1222 alicui
426 1193 574 1230 gyratorio
595 1193 799 1221 Electricitatis
829 1186 1010 1222 tribuendum
1039 1193 1154 1222 videtur
1174 1195 1250 1230 (6).

354 1245 383 1272 Si
402 1253 479 1273 nunc
503 1245 591 1272 hosce
615 1243 740 1273 effectus
754 1243 893 1272 tensionis
919 1253 984 1272 cum
1010 1243 1090 1280 illis,
1114 1253 1188 1280 quos
1208 1244 1336 1274 dedimus
1363 1253 1428 1281 cap.
1449 1255 1478 1281 4.
1505 1247 1536 1282 ς.
1560 1252 1599 1281 5,
1624 1244 1827 1280 conferamus,

314 1296 476 1325 invenimus
505 1295 573 1324 satis
598 1295 671 1324 inter
698 1304 729 1324 se
755 1295 932 1331 convenire;
954 1295 1235 1324 animadvertendmn
1259 1303 1353 1324 tamen
1378 1302 1443 1331 est,
1471 1296 1744 1333 Magnetisationem
1771 1305 1827 1332 ope

314 1347 453 1376 tensionis
480 1346 562 1374 etiam
586 1345 695 1374 cuidam
721 1346 811 1374 fluxui
835 1345 1040 1374 Electricitatis
1069 1345 1225 1374 ordinariae
1253 1345 1371 1374 deberi:
1396 1346 1441 1373 hic
1467 1353 1561 1374 autem
1582 1347 1675 1374 fluxus
1699 1352 1743 1374 est
1762 1349 1828 1374 co‘n-

312 1401 427 1434 tinum,
452 1398 565 1434 quando
583 1397 724 1426 scintillae
741 1406 793 1434 per
812 1398 931 1426 helicem
951 1404 1119 1433 transeunt,
1141 1402 1348 1425 momentaneas
1369 1403 1460 1431 vero,
1485 1396 1599 1431 quando
1619 1395 1722 1425 lamina
1736 1395 1830 1425 ferrea.

311 1448 547 1486 percussionibus
571 1448 628 1477 vim
651 1448 847 1485 Magneticam
868 1449 983 1486 accipit.

351 1502 407 1530 Hic
435 1509 553 1537 quoque
579 1507 622 1529 est
647 1500 825 1528 referendum
854 1501 1080 1536 experimentum
1105 1490 1268 1536 quoddam,v
1295 1508 1311 1528 a
1340 1504 1469 1528 nostrate
1496 1499 1584 1528 Doct.
1606 1507 1661 1528 van
1682 1498 1758 1528 Beek
1784 1499 1830 1529 in-

312 1553 444 1581 stitutum
456 1573 465 1587 ‚
489 1558 517 1580 et
533 1552 562 1580 in
578 1551 670 1580 diario.
686 1551 799 1580 Gallico
815 1551 948 1587 ‚Journal
965 1551 999 1580 dc
1018 1552 1178 1590 Physiqcce‚
1199 1559 1251 1581 etc.
1284 1555 1378 1587 1821,
1399 1553 1498 1581 mansis
1521 1551 1660 1582 Octobris.
1680 1559 1755 1592 pag.
1771 1561 1826 1590 312

310 1613 384 1641 scqq.
407 1603 597 1639 descriptum.
1464 1608 1467 1609 ’

350 1655 502 1683 Pcrcussio
525 1654 627 1683 transit
653 1663 704 1692 per
729 1655 809 1684 filum
836 1657 1008 1687 metallicum
1032 1658 1083 1688 EF
1106 1658 1179 1697 (fig.
1202 1659 1288 1695 41),
1310 1666 1396 1694 supra
1422 1655 1540 1685 mediam
1567 1655 1697 1685 laminam
1715 1655 1823 1685 ABCD

310 1704 343 1734 in
371 1714 458 1734 sensu
483 1705 676 1742 longitudinis
703 1707 847 1742 positam:
879 1709 1036 1738 secundnm
1059 1709 1199 1738 theoriam
1228 1718 1293 1745 pars
1317 1707 1450 1744 superior
1470 1706 1585 1736 CDNO
1607 1708 1693 1742 polus
1717 1714 1827 1735 ausrra⁴

309 1757 369 1791 lis,
393 1765 458 1792 pars
482 1756 603 1784 inferior
627 1756 741 1785 ABON
762 1759 849 1793 polus
875 1758 997 1788 borealis
1023 1767 1101 1796 erat3
1124 1761 1210 1796 polus
1236 1759 1310 1788 enim
1341 1758 1474 1787 australis
1502 1757 1548 1786 hic
1575 1766 1693 1794 quoque
1722 1765 1765 1786 est
1791 1758 1831 1787 ad

310 1809 442 1837 dextrum
463 1808 659 1836 observatoris
689 1808 719 1837 in
745 1808 794 1837 filo
815 1809 865 1838 EF
885 1810 994 1847 positi,
1017 1820 1032 1840 a
1056 1813 1139 1849 cujus
1162 1810 1284 1846 pedibus
1308 1809 1343 1838 ad
1366 1816 1452 1845 caput
1474 1809 1624 1845 percussio
1654 1809 1772 1846 prodit,
1795 1817 1825 1837 et

314 1859 363 1894 qui
386 1858 486 1887 faciem
515 1867 617 1887 versus
640 1859 770 1888 laminam
797 1860 895 1890 vertit.
934 1862 1022 1891 Brevi
1045 1869 1114 1899 post
1141 1861 1290 1899 percussio
1319 1860 1414 1889 minus
1438 1860 1523 1889 fortis
1547 1860 1647 1889 transit
1671 1869 1722 1897 per
1741 1860 1821 1889 filum

311 1909 394 1945 GH,
417 1919 488 1945 quae
506 1909 594 1946 igitur
618 1910 734 1946 primam
755 1911 784 1940 in
809 1919 920 1948 puncto
947 1914 1070 1949 quodam
1093 1921 1180 1943 secat.
1224 1912 1271 1940 Ob
1294 1912 1409 1940 eandem
1436 1911 1574 1940 rationem
1602 1920 1633 1940 ac
1654 1920 1741 1948 supra
1759 1920 1825 1948 pass

311 1960 415 1998 BCQP
436 1962 536 1997 polu-m
561 1962 712 1990 australem
724 1982 734 1998 ,
756 1971 823 1999 pars
848 1970 946 1993 autem>
962 1956 1073 2006 ADQP
1093 1969 1194 2005 polum
1210 1965 1353 1994 borealem
1372 1963 1537 1992 constituit.
1579 1962 1658 1992 Tota
1675 1963 1719 1993 vis
1738 1962 1826 1999 Mag-

1776 2021 1832 2044 ne·-

348 2091 416 2129 (5)
437 2092 552 2120 Annales
567 2097 618 2121 etc.
644 2099 698 2121 tom
714 2095 777 2124 XV.
801 2102 860 2129 pag.
877 2103 926 2131 2⁰·
1226 2096 1290 2132 (6)
1313 2097 1374 2126 eff.
1391 2096 1489 2131 Expose
1507 2101 1559 2124 m.
1585 2094 1612 2129 S.
1629 2095 1676 2123 6⁶.
