1961 2438
734 110 1126 144 ORATIO.
1635 112 1678 155 ·9

228 205 267 238 In
298 205 357 236 hae
379 203 477 248 igitur
502 202 633 244 regione
661 205 777 231 terram
800 199 968 230 circumire
991 197 1120 229 videbat
1142 202 1280 240 septem,
1306 207 1365 228 nec
1385 197 1476 241 plura
1502 209 1655 240 noverat,

184 262 289 295 lucida
308 271 468 304 corpora,
504 261 571 290 suis
600 255 728 299 singula
757 257 868 299 spatiis
897 262 929 286 et
956 254 1154 297 temporibus
1178 253 1321 291 diversa,
1355 257 1500 298 proxime
1525 258 1656 299 quidem

181 321 305 351 Lunam
319 341 329 356 ‚
356 317 430 348 inde
453 315 668 352 Mercurium,
692 319 761 344 tum
783 315 961 351 Venerem,
985 311 1137 342 remotius
1157 310 1279 350 Solem,
1302 312 1454 355 igneum,
1480 321 1551 356 post
1573 317 1657 346 Mar-

183 382 270 416 tem,
294 375 372 407 hinc
401 376 531 412 Jovem,
555 369 683 402 tandem
710 370 900 402 Saturnum.

223 491 348 521 Horum
375 485 512 519 circulos
539 484 688 529 amplecti
715 482 885 516 videbatur
917 480 1252 521 coelum'stellatum‚
1285 482 1375 526 quod
1404 486 1656 518 Firmamentum

180 547 324 585 dictum3
354 544 439 575 ultra
462 543 551 587 quod
571 543 713 575 decimus
745 539 928 583 fingebatur
950 539 1038 571 orbis
1069 541 1136 571 sive
1158 540 1302 580 coelum,
1325 541 1378 572 cui
1405 543 1508 573 Primi
1532 544 1658 576 Mobilis

183 614 303 635 nomen
331 601 513 640 tributum,
537 602 630 643 cujus
659 599 778 631 scilicet
804 598 859 636 vi,
888 598 1019 641 penitus
1047 597 1230 639 incognita,
1253 597 1415 629 inclusum
1437 598 1529 630 illum
1558 600 1656 632 Mun-

177 660 257 692 dum
286 661 492 698 universum,
528 657 672 694 assidue,
699 656 814 699 viginti
848 661 988 698 quatuor
1019 654 1173 685 horarum
1206 655 1324 697 spati0‚
1347 655 1432 687 circa
1454 658 1566 688 Terrae
1590 658 1658 700 glo-

180 716 281 757 bum,
305 722 341 747 ut
363 722 509 747 centrum
527 724 720 751 commune,
746 712 949 744 velocissimo
973 722 1091 750 cursu,
1115 710 1155 742 ab
1178 718 1252 745 ortu
1267 722 1416 744 occasum
1435 723 1564 754 versus,
1587 715 1657 757 rapi

176 774 418 816 circumagique
447 771 648 804 existimabat
674 773 898 803 Astronomus.

220 888 272 920 Sic
291 888 396 919 Solem
419 885 582 931 quotidie,
608 887 654 918 sic
681 888 829 924 Lunam,
852 883 898 915 sic
923 883 1052 924 stellas;
1081 885 1150 928 pari
1174 884 1340 917 velocitate
1365 894 1499 924 omnes,
1533 891 1564 916 et
1590 885 1654 916 ori·

175 947 205 978 ri
228 944 354 977 videbat
374 950 406 976 et
423 943 591 981 occidere,
616 949 649 974 at
683 953 759 974 vero
786 941 883 973 simul
906 941 1044 984 singulis
1071 941 1185 974 diebus
1210 943 1261 973 ita«
1275 944 1393 974 mutari
1417 941 1545 974 videbat
1572 942 1655 972 coeli

178 1000 388 1043 adspectum,
410 1005 447 1030 ut
473 1010 533 1030 nec
557 999 627 1030 loca
654 1010 713 1030 nec
745 1006 889 1042 tempora
916 1004 1139 1031 servarentur:
1169 1000 1263 1031 Astra
1291 1001 1449 1031 maturius
1478 998 1656 1030 identidem

175 1067 326 1100 apparere
357 1055 466 1087 omnia
483 1079 492 1095 ‚
528 1055 685 1099 quaedam
721 1067 811 1087 nunc
839 1056 934 1087 altius
967 1066 1119 1099 surgere,
1151 1067 1241 1087 nune
1277 1054 1411 1087 iuferius
1440 1045 1649 1090 descendere,

175 1125 267 1147 nuuc
298 1112 469 1157 procedere
488 1135 500 1152 ‚
533 1123 624 1145 nunc
651 1112 797 1145 recedere
814 1137 824 1154 2
863 1123 985 1159 perque
1015 1111 1251 1146 inextricabiles
1286 1119 1441 1156 tanquam
1475 1109 1650 1156 labyrinthi

173 1181 297 1204 errores
319 1169 475 1203 oberrare.
817 1170 820 1173 ⁴
1656 1191 1678 1208 n

218 1274 303 1305 Haec
328 1282 403 1304 cum
423 1272 721 1316 contemplabatur,
745 1273 800 1305 vix
823 1271 972 1306 ordinem
997 1276 1221 1318 rationemque
1238 1270 1436 1318 reperiebat,
1459 1270 1565 1304 varios
1583 1269 1651 1302 sina

172 1329 259 1375 gulis
280 1328 470 1373 corporibus
495 1336 622 1370 motus,
645 1341 764 1373 eosque
790 1332 895 1363 motui
922 1334 1072 1364 omnium
1097 1333 1264 1364 communi
1296 1331 1413 1374 partim
1439 1328 1571 1371 oblique
1590 1337 1650 1370 op-

169 1388 310 1432 positos,
344 1386 461 1430 partim
493 1386 643 1419 adversos
672 1389 915 1432 contrariosque
945 1389 1126 1421 adscribere
1158 1388 1342 1432 cogebatur.
1373 1403 1418 1412 —
1448 1384 1510 1417 Sed
1538 1394 1578 1415 ne
1605 1386 1650 1414 sic

173 1443 305 1488 quidem
329 1442 575 1475 difficultatibus
603 1454 638 1476 se
661 1447 730 1477 suis
761 1445 837 1477 satis
865 1445 1016 1489 expedire
1051 1446 1187 1479 valebat.
1256 1444 1455 1477 Accesserint
1479 1444 1649 1477 Cometae2

174 1501 337 1533 horruerit
369 1499 533 1544 profecto,
570 1508 602 1533 et
629 1513 725 1546 quem
767 1514 899 1534 cursum
931 1509 1060 1535 teneant
1086 1514 1128 1535 ne
1155 1503 1322 1546 suspicans
1343 1500 1494 1542 quidem,
1517 1496 1552 1527 in
1576 1505 1653 1538 Pro·-

167 1558 263 1599 digiis
290 1569 345 1590 eos
369 1558 533 1601 retulerit,
557 1559 622 1591 irae
647 1559 776 1592 divinae
801 1561 941 1595 nunciis.

215 1657 276 1690 Sed
294 1655 373 1701 quid
400 1656 517 1700 plura?
541 1655 747 1700 glutelligitis
771 1657 810 1690 A.
822 1658 859 1690 A.
886 1668 986 1701 quam
1004 1657 1150 1701 angustis
1174 1657 1296 1690 finibus
1312 1657 1391 1689 haec
1407 1655 1650 1698 circumscripta

168 1718 212 1747 sit
235 1713 317 1746 coeli
341 1712 548 1756 siderumque
574 1714 729 1753 scientia,
766 1725 864 1757 quam
897 1714 1010 1758 inops,
1044 1725 1141 1757 quam
1165 1713 1322 1754 obscura,
1344 1721 1503 1757 quantum
1528 1719 1648 1744 remota

166 1785 185 1806 a
205 1784 300 1806 sensu
321 1779 353 1804 et
375 1772 588 1815 intelligentia
610 1773 697 1804 illius
734 1772 954 1815 Simplicitatis
979 1771 1084 1803 dicam
1115 1782 1157 1802 an
1180 1772 1371 1813 Majestatis,
1395 1781 1493 1813 quam
1512 1770 1544 1800 in
1570 1766 1647 1796 Uni-

169 1832 253 1864 versi
278 1829 443 1869 machina,
467 1830 593 1861 Summi
611 1830 763 1863 Numinis
786 1828 946 1873 Opificio,
979 1828 1172 1873 admiratur,
1200 1834 1388 1867 veneratur,
1418 1829 1525 1868 stupet
1545 1824 1646 1854 nostri

168 1889 323 1932 temporis
346 1890 574 1921 Astronomus.

234 2042 285 2083 At
307 2058 384 2080 vero
413 2046 485 2080 talis
510 2058 618 2081 revera
643 2047 705 2080 fuit
732 2046 832 2079 multa
851 2056 909 2090 per
935 2044 1042 2077 secula
1067 2043 1293 2078 Astronomiae
1322 2041 1477 2075 conditio.
1522 2037 1644 2069 Isth-³80

165 2104 207 2139 de
239 2112 407 2149 systemate
433 2107 548 2139 Mundi
574 2107 737 2147 doctrina,
761 2112 794 2138 et
817 2104 996 2148 antiquitus
1017 2101 1117 2146 vulgo
1139 2101 1292 2146 probata,
1313 2106 1345 2133 et
1374 2110 1392 2131 a
1418 2106 1536 2140 magno
1554 2103 1643 2138 prae·

181 2165 182 2168 *
259 2172 267 2176 „
982 2163 1008 2194 Β
1579 2160 1644 2182 ser-
