1930 2448
274 114 292 144 4
635 103 675 134 G.
746 103 785 133 c.
855 101 1441 136 ss.sua1NGAR

277 187 387 216 Natura
402 187 496 222 itaque
507 185 683 216 observanda
696 206 705 221 ,
728 185 880 222 imitanda,
901 186 1058 224 adjuvanda
1076 185 1092 223 (
1103 195 1117 222 3
1129 185 1144 223 )
1155 205 1166 222 ,
1186 186 1237 216 hac
1254 185 1331 215 enim1
1345 193 1522 224 repugnante
1539 186 1617 216 irrita
1636 188 1786 218 suntartis

278 238 435 268 molimina.
478 237 516 265 Et
533 237 600 266 haec
618 230 731 273 quidem
748 238 817 266 adeo
836 246 901 266 vera
920 245 987 266 sunt
999 258 1009 273 ,
1032 244 1063 266 ut
1076 258 1086 272 ,
1109 236 1158 273 qui
1176 237 1254 266 hisce
1269 237 1379 266 viribus
1396 238 1617 274 prudentissime
1634 239 1675 267 uti
1691 240 1783 275 sciat,

279 289 411 318 Medicus
431 288 498 316 artis
521 287 667 324 fastigium
687 288 817 324 attigisse
838 288 948 317 dicatur
965 289 1053 324 (4),
1075 288 1122 316 ille
1149 295 1263 324 autem,
1286 289 1335 324 qui
1357 289 1517 324 Naturam,
1540 289 1611 318 viam
1632 290 1660 318 in
1677 289 1791 319 morbis

280 345 505 373 monstrantem,
529 338 679 374 repudiet,
701 347 765 376 erga
786 339 909 367 Matrem
928 348 1011 367 suam-
1022 345 1050 367 et
1067 340 1219 368 Nutricem
1236 339 1364 376 ingratus
1383 340 1528 368 habendus
1545 341 1582 369 sit
1601 342 1680 378 (5).

323 389 444 425 ’Iaerpelx
469 393 516 422 τῆς
534 392 643 426 φύσεως
668 389 726 419 ἐστὶ
752 391 885 426 λατρεία,
913 391 996 427 cujus
1021 390 1122 418 asserti
1140 391 1287 419 veritatem
1305 390 1328 418 si
1355 390 1418 426 quis
1435 391 1564 426 dubitet,
1588 391 1665 418 adeat
1684 391 1791 430 [lippo.

283 447 389 469 cratem
402 461 412 474 ,
436 439 599 475 Galemmz,
621 439 748 476 Celsum,
770 440 907 469 Baconem
943 441 1161 477 Verulamium,
1192 441 1347 469 Aretaemn
1372 440 1581 480 Cappadocem,
1604 442 1764 480 Bagllvlmn
1777 462 1787 477 ,

283 490 486 527 &flammam
500 511 509 525 ,
531 489 732 527 Iloffmammm
744 510 756 527 ,
786 490 972 520 Boerhavlum
985 512 995 527 ,
1024 493 1220 528 Sirieteniam,
1249 491 1423 528 Gortermn,
1455 493 1597 522 Gaubimn
1611 514 1620 527 ,
1643 500 1727 528 :uque
1746 500 1791 521 tot

285 541 356 570 alios
379 541 471 578 magni
499 541 624 570 nominis
649 541 758 577 Viros,
790 543 839 577 qui
867 542 971 579 regiam
998 543 1102 571 hancce
1126 543 1223 579 viam,
1252 544 1377 572 Naturae
1402 544 1534 573 nimirum
1555 543 1788 573 observationem

283 600 370 628 atque
384 592 589 628 imitationem,
612 601 723 629 semper
748 593 908 621 calcandam
931 602 1016 629 esse,
1038 593 1120 622 Praxi
1147 595 1201 622 sua
1225 595 1355 630 medica,
1382 595 1492 631 optimo
1516 603 1580 623 cum
1605 600 1710 623 eventu
1727 595 1790 630 ple-

284 653 406 679 rumque
422 643 572 678 instituta,
596 643 708 680 egregie
727 644 966 680 comprobarunt.
1007 645 1068 673 Aut
1083 644 1108 672 si
1125 644 1298 673 recentiores
1315 645 1380 680 quis
1400 645 1491 680 velit,
1514 653 1609 674 nonne
1621 666 1631 680 ,
1661 654 1697 673 ne
1712 653 1790 674 nunc

284 697 319 724 de
339 695 491 732 Pringllo,
513 694 696 730 Alacbridio,
718 694 849 731 Lorryo,
870 694 1013 731 aliisque,
1035 704 1108 731 quos
1135 695 1239 732 Anglia
1256 702 1283 724 et
1300 695 1396 725 Gallia
1410 695 1553 731 habuere,
1576 697 1700 725 Medicis
1717 696 1793 733 Hip-

283 746 438 783 pocraticis
468 745 579 780 dicam,
609 753 725 782 nonne,
758 746 896 782 inquam,
930 745 1145 783 Hasfelandius,
1186 746 1386 785 Sprengelias,
1419 747 1579 782 Heckeras,
1618 747 1770 774 Richter-us
1782 766 1794 781 ,

283 797 409 832 aliique,
433 796 562 831 quamvis
582 795 611 824 in
636 795 799 826 Medicinae
822 804 902 834 parte
929 798 1176 834 contemplat1v2i,
1204 803 1238 826 ut
1265 797 1322 826 dici
1345 798 1438 833 solet,
1469 806 1529 826 non
1555 806 1617 826 raro
1640 796 1796 833 differant,

284 854 371 883 atque
385 855 450 875 suas
467 846 573 882 singuli
589 855 748 883 sequantur
768 848 931 885 Theoi-ias,
953 849 983 878 in
999 858 1033 878 eo
1050 856 1145 878 tamen
1164 849 1199 877 ad
1222 857 1311 878 unum
1333 856 1452 882 ornnes,
1474 847 1551 875 side
1577 848 1659 876 Praxi
1679 846 1795 875 Medica

282 906 377 926 sermo
391 897 448 933 sit,
471 898 670 935 conveniunt,
693 900 772 935 quod
791 900 847 927 soli
865 900 994 927 Narin-af·
1021 901 1159 929 humanae
1176 899 1319 936 optimum
1344 897 1506 935 superstrui
1521 898 1615 935 possit
1633 898 1801 934 Tlierapiae

283 948 431 977 rationalis
452 947 669 979 fundamentum
680 950 701 978 22

322 999 458 1027 Pluribus
476 1006 568 1028 autem
581 1020 592 1035 ,
613 1000 648 1028 ad
665 1000 817 1029 avertenda
833 1005 861 1029 et
884 1000 1042 1036 superanda
1065 1001 1157 1036 mala,
1178 1000 1290 1030 Natura
1315 1002 1481 1029 medicati-ix
1508 988 1600 1029 utitur
1621 1001 1798 1030 instrumen->

286 1051 325 1079 tis
337 1071 347 1085 ,
371 1059 462 1086 quae,
484 1049 630 1078 doctrinae
648 1059 736 1087 ergo,
760 1058 793 1080 ut
809 1050 926 1080 totidem
950 1051 1125 1079 considerari
1141 1057 1265 1086 possunt
1290 1050 1440 1079 facultates
1452 1071 1462 1085 ,
1484 1059 1554 1085 quas
1570 1058 1684 1084 autem,
1707 1058 1801 1085 quum·

288 1100 398 1129 Gaubii
415 1101 574 1128 immortale
590 1109 664 1136 opus
680 1101 709 1130 in
724 1101 850 1130 omnium
869 1102 1000 1130 manibus
1015 1108 1165 1137 versetur,
1186 1110 1222 1130 ne
1240 1101 1356 1130 Iliadem
1373 1107 1441 1136 post
1459 1100 1613 1128 Homerum
1635 1108 1680 1128 me
1696 1108 1802 1128 canere*

284 1152 360 1180 velle
378 1151 495 1185 videar,
518 1159 680 1180 enumerare
699 1152 749 1180 vix
767 1161 843 1188 opus
860 1159 923 1189 est3
948 1161 1036 1188 quum
1061 1153 1096 1181 de
1120 1153 1177 1181 unii
1203 1159 1312 1181 tantum
1336 1152 1434 1180 harum
1464 1150 1631 1180 facultatum
1646 1150 1801 1179 dicendum

286 1202 324 1230 sit
336 1222 345 1236 ,
367 1201 499 1229 nimirum
515 1202 550 1230 de
566 1202 614 1230 illzi
626 1222 636 1237 ,
660 1211 731 1238 quae
747 1204 866 1232 vulnera
884 1202 1007 1239 glutinat
1025 1223 1036 1238 ,
1064 1211 1149 1232 carne
1175 1202 1295 1239 implet,
1317 1201 1449 1231 cicatrice
1473 1200 1598 1236 claudit,
1621 1208 1692 1229 ossa*
1707 1199 1800 1228 fracta

287 1252 459 1289 conjungit,
480 1260 604 1288 novam,
627 1253 657 1281 si·
680 1253 859 1289 requiritur,
881 1253 1069 1282 substantiam
1099 1253 1282 1288 organicam,
1304 1252 1422 1280 amissae
1451 1251 1593 1285 similem,
1616 1258 1710 1278 creare
1732 1250 1799 1279 niti-

286 1311 353 1340 tur,
376 1312 402 1333 et
420 1305 531 1333 tandem
553 1303 647 1332 omnia
662 1303 691 1332 in
709 1312 832 1341 corpore
848 1303 973 1333 humano
1000 1303 1138 1333 morbose
1161 1304 1255 1331 soluta
1273 1308 1301 1330 et
1316 1301 1445 1331 mutilata
1462 1300 1651 1337 redintegrare
1668 1306 1696 1329 et
1712 1301 1798 1329 resti-

283 1361 363 1385 tuere
382 1362 513 1385 conatur.
556 1354 651 1392 l-Iujus
670 1354 798 1383 Naturae
819 1355 964 1384 facultatis
990 1353 1196 1391 contemplatio
1215 1352 1364 1389 sequentis
1379 1373 1389 1388 ,
1412 1361 1427 1381 a
1445 1351 1529 1381 vobis
1553 1351 1591 1380 V.
1611 1351 1661 1380 Cl.
1690 1359 1799 1388 propo-

289 1406 379 1440 sitae,
400 1406 484 1435 efficit
506 1412 704 1442 argumentum
722 1403 928 1443 Quaestionis:
962 1425 982 1442 „
998 1405 1127 1433 Naturae
1151 1403 1278 1433 animalis
1301 1403 1422 1435 facul-tas
1447 1401 1621 1432 admirabilis
1641 1408 1706 1438 est,
1727 1410 1799 1438 quae

290 1476 309 1496 ‚3
329 1456 436 1484 solidae
451 1457 594 1493 compagis
611 1457 760 1492 Vulnera,
782 1456 889 1486 Ulcera
912 1463 941 1486 et
966 1457 1137 1492 Fracturas,
1165 1456 1296 1492 adeoque
1318 1455 1444 1483 solutum
1472 1454 1501 1483 i'n
1527 1462 1650 1490 corpore
1665 1453 1797 1489 animali,

293 1527 312 1545 „
331 1507 454 1536 artificio
476 1507 656 1542 inimitabili,
687 1508 872 1544 consolidat,
903 1507 1093 1544 redintegrat,
1114 1506 1242 1535 resarcit.
1285 1506 1380 1542 Super
1406 1505 1458 1535 hac
1473 1505 1601 1533 Naturae
1615 1503 1742 1532 animalis
1758 1502 1803 1531 fa·

293 1578 316 1597 „v
331 1559 436 1591 cultate
456 1563 484 1585 et
508 1558 614 1592 modo,
637 1567 695 1593 quo
721 1558 793 1586 hanc
817 1565 947 1594 exercet,
974 1558 1220 1594 Physiologorum
1245 1556 1373 1585 diversae
1398 1561 1466 1584 sunt
1486 1554 1703 1590 explicationes.
1742 1553 1800 1581 Ea-

292 1627 311 1644 „
332 1609 479 1644 rumdem,
502 1616 535 1636 ex
553 1608 653 1641 ordine
671 1608 810 1652 temporis
822 1630 832 1646 ,
855 1618 915 1645 quo
933 1607 1101 1649 propositae
1118 1606 1259 1645 fuerunt,
1282 1611 1458 1644 quaeruntur
1476 1604 1628 1640 recensio,
1651 1604 1779 1640 epicrisis
1787 1624 1802 1639 ‚.

1733 1675 1752 1691 „
1772 1661 1804 1683 et.

326 1741 394 1774 (3)
415 1740 475 1766 Vid.
499 1740 532 1765 de
562 1741 615 1768 hoe
634 1747 787 1774 argumento
804 1743 837 1771 Ji
855 1743 884 1772 J.
905 1743 1063 1770 Wlterbeek
1080 1742 1173 1771 V.,CI.
1197 1742 1283 1768 oratio
1307 1740 1341 1769 de
1367 1740 1435 1770 Nat..
1454 1738 1622 1769 observanda:
1635 1744 1666 1766 et*
1680 1734 1806 1763 imitanda

292 1795 393 1814 summo
411 1785 506 1812 medici
523 1787 629 1820 officio,
649 1790 674 1814 in
689 1789 782 1816 Annal.
799 1789 881 1816 Acad.
897 1788 1077 1821 Rheno.Traj.
1099 1789 1208 1822 1817-
1222 1787 1296 1815 1818.

322 1834 382 1867 (4)
399 1833 462 1860 Vid.
481 1835 597 1864 Gaszhis’,
616 1835 701 1862 Instit.
721 1836 824 1862 Pathol.
844 1836 869 1868 §.
889 1836 949 1869 646.

323 1879 364 1916 (5
381 1880 392 1912 )
411 1882 510 1910 Cicero,
530 1880 562 1905 de
581 1881 691 1907 Decoro
709 1881 845 1915 disputans
869 1883 895 1908 in
919 1883 988 1908 libro
1006 1883 1029 1910 Ι.
1046 1881 1079 1908 de
1104 1880 1208 1907 Officiis
1224 1888 1249 1907 c.
1263 1886 1304 1912 3¹·
1323 1879 1424 1912 optime
1443 1878 1558 1903 monuit:
1583 1895 1600 1909 „
1616 1876 1658 1901 Sic
1676 1875 1744 1900 enim
1758 1880 1798 1900 est

289 1946 307 1959 ι,
325 1925 475 1952 saciessdssffl
488 1940 496 1953 s
511 1931 540 1948 Μ
555 1934 649 1954 ‘’ontra
669 1930 819 1955 universam
845 1930 966 1955 Naturam
988 1929 1054 1954 nihil
1079 1927 1288 1954 contendamus:
1314 1926 1345 1951 ea
1363 1932 1446 1951 tamen
1465 1922 1624 1949 conservata
1636 1940 1644 1952 ‚
1663 1921 1805 1953 propriam.

292 1991 310 2005 ,‚
327 1978 439 2003 naturam
460 1976 618 2003 sequamur;
636 1976 682 2001 ut,
703 1977 801 1999 sniumei
823 1977 876 2001 sint
892 1977 940 2001 alia
960 1977 1081 2009 graviora
1094 1981 1172 2008 atque
1195 1973 1319 2003 meliora,
1347 1978 1431 1998 tamen
1452 1978 1499 1996 nos
1518 1968 1602 1996 studia
1623 1974 1712 1993 nostra
1728 1974 1806 1993 natu-

292 2037 309 2050 „
329 2025 371 2043 rae
387 2017 478 2049 regula
494 2017 645 2045 metiamur.
677 2016 774 2050 Neque
789 2018 860 2043 enim
879 2017 973 2045 attinet
998 2025 1143 2055 repugnare
1164 2025 1272 2045 naturae
1283 2024 1359 2053 ‚ynec
1380 2017 1522 2051 quidquam
1545 2016 1637 2047 sequi,
1666 2012 1737 2046 quod
1759 2019 1800 2040 as,

291 2082 311 2098 ‚‚
330 2064 407 2097 sequi
424 2070 476 2089 non
495 2070 584 2096 queas.
597 2062 615 2074 '²
