1930 2448
325 118 361 146 32
559 112 854 157 ROUDEKVINI
881 115 1085 148 DONKER
1118 114 1339 158 cUn‘rtus
1362 135 1402 165 w.
1427 133 1457 156 n.
1479 125 1609 165 111111,ι

326 192 538 224 semicirculum
555 196 633 225 filum
652 198 768 227 debebit
784 199 963 237 describere,
982 201 1005 230 si
1023 201 1132 232 theoria
1148 202 1317 240 Ampcriana
1341 216 1408 237 vera
1427 208 1476 238 sit.
1505 210 1553 240 Cl.
1575 212 1612 240 de
1632 212 1659 241 la
1681 209 1756 241 Rive
1774 213 1844 243 haec

330 242 424 272 effecit
443 251 470 272 et
489 245 606 275 effectus
624 247 752 285 invenit,
775 251 824 286 qui
845 260 920 280 nunc
937 259 1005 281 sunt
1021 252 1227 285 conside-tundi.

365 295 414 324 Cl.
438 296 471 324 de
489 298 513 325 la
537 297 611 327 RIvc
632 301 666 328 :id
684 310 767 330 suum
788 304 1012 339 experimentum
1033 304 1238 335 instituendum
1254 316 1418 346 apparatum
1439 319 1604 348 sequentem
1623 313 1765 345 adhibuit.
1791 316 1846 346 Pa·

327 345 414 373 tinam
452 347 618 378 circularem
654 351 682 379 111
718 353 787 381 duas
823 361 918 390 partes
958 356 1089 391 aequales
1118 356 1219 386 dividit
1246 368 1302 396 ope
1333 360 1451 389 laminae
1476 362 1603 399 vitreae,
1637 366 1703 393 cerat
1732 365 1843 401 patinae

322 396 441 434 affixae,
464 399 500 429 ita
521 408 552 429 ut
570 404 649 432 nulla
668 406 889 435 communicatio
910 407 984 436 inter
998 409 1070 444 >duas
1088 408 1150 437 illas
1169 416 1264 444 partes
1282 410 1414 448 adesset,
1436 411 1589 448 inquibus
1606 415 1764 444 mercurius
1783 422 1844 444 erat

324 447 452 477 infusus.
493 451 591 482 Patina
616 455 787 493 perlibrata,
810 465 838 486 ct
860 458 961 487 lamina
989 459 1017 487 in
1041 459 1198 489 directione
1224 462 1370 491 meridiani
1395 465 1546 500 magnetici
1569 467 1686 502 posita,
1708 468 1766 496 duo
1794 466 1842 496 fila

323 498 447 533 platinae
469 502 504 529 ad
523 510 629 538 puncta
654 507 745 535 oriens
766 514 793 536 et
814 508 935 537 occidens
956 510 1097 539 mercurio
1122 511 1233 547 patinae
1255 512 1484 551 immerguntur,
1511 525 1584 551 quae
1603 518 1699 546 alteris
1715 518 1776 546 suis
1795 524 1844 546 ex-

324 550 515 581 tremitatibus
540 563 604 583 cum
629 557 777 593 capsulis,
798 565 826 587 et
851 568 902 594 per
927 560 976 588 has
1003 569 1066 588 611111
1095 562 1169 598 pilae
1198 563 1273 599 polis
1293 565 1514 595 communicant.
1557 567 1650 596 Filum
1674 569 1757 605 cupri
1776 567 1843 598 flavi

323 600 523 632 tenuissimum
541 605 569 633 in
588 606 706 636 formam
728 610 849 646 ungulae
866 610 987 646 equinae
1007 611 1148 649 inflectit,
1172 614 1210 642 ita
1229 621 1260 642 ut
1281 615 1396 651 figuram
1422 617 1522 645 habeat
1547 619 1706 655 rectanguli
1728 620 1762 648 ab
1783 628 1839 649 una

324 658 404 686 parte
426 654 528 689 aperti.
571 655 614 684 Sit
633 657 719 694 hujus
739 659 781 688 fili
802 669 867 696 pars
890 662 1022 698 superior
1040 663 1154 692 brevior
1173 675 1255 701 quam
1272 666 1386 695 brachia
1410 669 1555 704 lateralia,
1577 678 1650 705 quae
1673 669 1786 706 singula
1805 671 1840 699 ad

323 704 514 733 extremitates
535 705 612 734 filum
630 709 752 743 platinae
770 711 916 740 minimum
937 713 1051 742 habent.
1096 715 1130 744 In
1150 724 1228 752 parte
1246 717 1395 753 superiore
1412 718 1503 747 media
1519 726 1563 748 est
1581 727 1719 756 punctum
1745 720 1839 756 quod-

323 752 385 781 dam
397 774 407 789 ,
430 763 487 790 quo
505 757 663 787 sustinetur
681 769 695 788 a
714 762 941 797 perpendiculari
957 772 1007 799 per
1023 772 1152 794 centrum
1176 768 1287 804 patinae
1305 776 1480 798 transeunte.
1522 769 1659 798 Laterum
1681 771 1842 799 extremita-

323 810 367 833 tes
384 805 442 835 illis
458 807 515 837 filis
534 811 657 846 platinae
673 822 738 842 cum
757 816 898 846 mercurio
916 819 1058 854 cujusque
1073 820 1185 855 patina:
1203 819 1293 855 partis
1313 819 1544 856 communicant,
1559 819 1688 856 illudque
1703 827 1839 858 tangunt3

322 863 356 884 ut
375 865 443 886 vero
469 860 613 891 mobilitas
637 866 724 901 magis
742 874 895 902 augeretur
908 889 918 904 ,
942 878 1027 905 supra
1048 870 1218 899 mercurium
1236 870 1341 899 effundi
1354 871 1431 902 solet
1447 879 1538 907 aqua,
1556 871 1635 900 acido
1655 871 1759 902 uitrico
1774 881 1841 909 per·

324 907 429 945 mixta,
452 913 531 947 quod
554 915 680 951 oxydum
697 919 829 947 mercurii
846 919 981 949 dissolvit
1002 922 1080 958 (6).

361 960 459 997 Quum
475 963 555 993 filum
572 970 765 1005 rectangulare
783 970 812 1000 in
828 979 1000 1008 unaquaque
1014 972 1164 1010 positione
1183 972 1331 1004 immobile
1345 981 1474 1011 maneat,
1491 980 1518 1004 et
1531 983 1617 1011 quum
1633 974 1710 1004 illius
1719 975 1838 1012 planum

323 1011 479 1042 meridiano
497 1018 655 1053 magnerico
676 1022 950 1063 perpendiculariter
966 1024 1098 1062 insistat,
1120 1026 1258 1062 circuitus
1283 1027 1493 1063 constituitur3
1517 1029 1602 1063 polus
1624 1026 1773 1063 negativus
1793 1026 1840 1063 pi-

324 1062 367 1092 lae
391 1071 456 1093 cum
483 1069 596 1102 capsula
620 1069 773 1107 orientali,
794 1073 940 1109 positivus
962 1085 1027 1109 611111
1055 1077 1224 1109 occidentali
1246 1077 1446 1106 communicat.
1488 1077 1618 1106 Directio
1638 1074 1726 1113 igitur
1742 1077 1838 1105 fluxus

323 1112 353 1143 in
373 1123 451 1151 parte
473 1120 623 1154 superiore
640 1130 683 1151 est
710 1127 851 1155 contraria
874 1128 1023 1159 directioni
1046 1131 1174 1159 fluxuum
1194 1127 1388 1157 terrestrium:
1411 1128 1568 1157 secundum
1593 1126 1731 1156 theoriam
1756 1126 1838 1155 filum

321 1173 398 1194 nunc
412 1168 740 1203 semicircumfcrentiam
754 1177 915 1207 describere
931 1180 1036 1209 debet:
1059 1182 1109 1210 sed
1130 1188 1229 1209 contra
1247 1180 1326 1208 11111111
1344 1178 1491 1207 immobile
1506 1184 1609 1207 manet.
1637 1176 1669 1206 Si
1683 1177 1779 1206 fluxus
1795 1176 1840 1206 di-

321 1217 412 1245 rectio
433 1218 610 1258 invertatur,
633 1223 671 1252 ita
690 1232 721 1254 ut
740 1228 828 1262 polus
843 1228 987 1264 positivus
1008 1230 1081 1266 pilae
1099 1231 1129 1259 in
1145 1232 1262 1267 capsula
1276 1230 1408 1259 orientali
1427 1237 1555 1266 mergat,
1572 1228 1723 1266 negativus
1741 1227 1771 1257 in
1788 1235 1839 1256 oc-

318 1266 474 1306 cidentali,
503 1276 700 1311 rectangulum
722 1285 786 1305 sese
809 1286 928 1315 movet,
952 1286 979 1308 et
1001 1282 1137 1317 quodque
1156 1283 1229 1310 latus
1251 1289 1349 1309 arcum
1374 1280 1428 1316 900
1447 1279 1606 1315 describit,
1628 1279 1720 1308 donec
1736 1285 1838 1308 contra

318 1318 450 1349 laminam
473 1322 589 1352 vitream
613 1333 767 1362 utrumque
795 1328 923 1358 nitatur:
949 1333 1028 1365 quod
1053 1333 1135 1360 etiam
1165 1339 1264 1360 contra
1290 1330 1466 1366 hypothesin
1493 1337 1560 1366 est3
1582 1330 1736 1358 secundum
1760 1329 1838 1359 illam

319 1369 395 1398 enim
419 1371 471 1400 hac
499 1373 527 1402 111
553 1375 743 1412 dispositione
768 1378 862 1408 fluxus
891 1380 971 1409 filum
998 1381 1145 1410 immobile
1170 1391 1281 1410 manere
1309 1382 1438 1410 deberet.
1485 1380 1516 1408 Si
1542 1381 1593 1408 hac
1626 1380 1656 1407 in
1690 1379 1838 1415 ΡΟΕῙῈῙΟῙἸΒ
1885 1393 1891 1398 ”

321 1421 362 1450 fili
380 1423 474 1452 fluxus
496 1425 616 1454 directio
638 1426 740 1456 iterum
766 1436 913 1466 mutetur,
936 1431 1030 1459 statim
1055 1432 1216 1461 conductor
1240 1432 1358 1460 mobilis
1383 1432 1412 1460 in
1438 1432 1499 1468 ejtis
1520 1428 1696 1467 positionem
1719 1439 1838 1466 praece-

317 1473 433 1502 dentem
453 1475 618 1512 reducitur,
641 1486 674 1506 ex
695 1487 750 1513 qua
773 1480 923 1517 deviatus,
945 1482 1079 1517 profecto
1103 1481 1201 1519 magna
1221 1482 1250 1511 vi
1270 1482 1299 1511 in
1323 1483 1401 1511 illam
1419 1481 1504 1510 rcdlt.
1545 1480 1837 1511 Animadvertendum

318 1533 438 1561 quoque
457 1532 519 1561 est,
541 1527 656 1556 brachia
673 1528 722 1556 illa
737 1530 861 1560 lateralia
880 1541 968 1567 quum
997 1532 1026 1560 in
1049 1532 1225 1568 positionem
1240 1542 1255 1561 a
1274 1532 1470 1568 septentrione
1489 1540 1590 1561 versus
1614 1531 1759 1560 meridiem
1786 1532 1834 1561 de-

317 1576 507 1612 ducerentur,
530 1577 640 1613 singula
659 1587 735 1608 1111116
759 1580 794 1609 ad
821 1582 1068 1618 septentrionem,
1091 1592 1166 1612 1111116
1188 1584 1221 1611 ad
1245 1583 1389 1611 meridiem
1413 1582 1502 1618 pelli:
1526 1581 1556 1626 ’51
1582 1581 1656 1611 6111111
1684 1582 1834 1612 brachium

319 1626 457 1655 orientale
485 1636 514 1656 v.
544 1636 572 1664 g.
604 1631 762 1664 paullulum
794 1630 822 1659 in
851 1633 1077 1668 septentrionem
1107 1633 1279 1662 declinatum
1305 1640 1383 1668 erat,
1417 1641 1519 1661 versus
1548 1631 1619 1660 hanc
1649 1639 1758 1668 partem
1786 1634 1836 1661 de-

318 1677 497 1714 pellebatur,
519 1678 543 1706 si
562 1687 629 1708 vero
648 1680 696 1709 illa
717 1680 868 1711 declinatio
892 1683 1036 1712 meridiem
1054 1693 1155 1714 versus
1175 1686 1269 1713 locum
1293 1683 1433 1719 haberet,
1455 1683 1490 1712 ad
1507 1683 1579 1711 hanc
1601 1689 1711 1720 partem
1735 1684 1836 1721 prodi·

317 1727 367 1757 bat
388 1729 467 1766 (7).
821 1760 832 1766 ,.
1649 1782 1656 1789 .
1703 1783 1709 1790 ·

357 1778 504 1817 Quaenam
529 1780 679 1816 explicatio
697 1790 772 1811 nunc
789 1783 910 1814 ad‘haec
932 1786 1126 1823 phaenomena
1148 1788 1275 1823 adaptata
1299 1786 1366 1815 est?
1406 1783 1504 1823 Quum
1529 1784 1626 1813 fluxus
1648 1793 1678 1812 m
1701 1785 1750 1814 illa
1771 1794 1836 1822 par-

319 1837 349 1858 te
371 1830 546 1859 horizontali
569 1832 602 1859 ab
631 1832 741 1862 oriente
764 1843 866 1864 versus
887 1837 1062 1866 occidentem
1083 1839 1229 1875 profluat,
1252 1844 1280 1866 et
1304 1845 1391 1872 quum
1411 1838 1526 1872 planum
1545 1834 1731 1865 conductoris
1753 1837 1836 1866 meri-

319 1880 403 1913 diano
423 1882 583 1918 magnetieo
601 1884 830 1921 perpendiculum
847 1886 904 1922 sit,
926 1890 1084 1918 secundum
1109 1890 1248 1922 theoriam
1271 1888 1350 1917 silum
1373 1886 1520 1916 immobile
1543 1894 1606 1915 esse
1627 1886 1762 1925 deberet,
1783 1888 1834 1916 sed
1875 1925 1885 1931 χ

1763 1945 1836 1968 con-

355 2012 424 2048 (6)
448 2013 507 2041 Cfl.
525 2014 637 2042 Annales
654 2023 701 2044 etc.
725 2025 789 2045 tom.
803 2019 858 2046 XX.
884 2027 1010 2055 pag-270
1030 2029 1087 2055 seq.

347 2058 420 2095 (7)
447 2061 506 2089 Cff.
529 2063 640 2089 Annales
656 2069 705 2090 etc.
731 2071 794 2094 tom,
813 2066 872 2093 XX.
899 2075 958 2100 pag.
974 2076 1032 2102 27²·
