1930 2448
285 129 341 162 110
636 114 683 146 G.
745 113 1424 148 C.‘13.sUR1NGAR

282 203 368 234 simul
396 209 428 228 ex
456 199 509 228 hac
534 197 734 227 observatione
758 203 854 231 natet,
878 197 955 232 quod
978 197 1071 226 denuo
1095 204 1225 233 generata
1248 206 1313 227 vasa
1327 206 1394 228 cum
1419 198 1476 228 inis
1501 199 1662 236 systematis
1687 205 1787 230 vasen-

284 254 340 284 losi
365 250 501 288 primitivi
526 249 682 285 jungantur
706 255 792 282 atque
817 247 996 277 conducant.

328 305 426 339 Atque
452 301 492 329 sic
519 307 621 335 sponte
648 299 758 334 quidem
785 299 819 327 ad
851 299 959 328 tertiam
994 306 1021 328 et
1046 299 1170 328 ultimam
1195 301 1376 335 pervenimus
1403 300 1617 337 quaestionem:
1649 301 1789 330 undenam

291 355 422 387 nimirum
445 353 514 382 haec
539 360 606 380 vasa
630 359 704 379 nova
726 350 862 386 originem
887 359 964 378 suam
985 350 1126 379 habeant?
1168 352 1214 381 Ad
1244 360 1326 387 quam
1356 352 1549 387 quaestionem
1576 361 1653 381 nunc
1673 352 1788 388 varios,

290 407 444 444 praeeunte
467 403 633 437 MecIoeUo,
655 402 860 439 respondentes
882 401 1026 430 audiamus
1048 401 1135 430 Viros
1158 402 1356 433 Clarissimos.

327 457 376 486 Ad
404 456 490 490 mos,
514 454 563 490 qui
582 463 656 483 nova
679 462 743 481 vasa
762 453 940 488 prolongatis
960 452 1100 488 auorum,
1125 454 1179 490 jam
1206 453 1408 490 existentium,
1429 462 1563 483 vasorum
1588 453 1674 482 ramis
1698 460 1795 483 ortum

293 517 375 539 suum
405 507 505 536 debere
533 506 670 539 credunt,
704 503 828 540 pertinet
860 504 909 532 CI.
941 503 1166 540 So'mmeringius
1196 504 1303 541 (74),
1335 505 1384 541 qui
1408 506 1506 541 piures
1530 514 1545 533 a
1570 513 1600 533 se
1626 505 1795 534 observatos

291 564 429 589 memorat
456 566 560 592 casus,
583 557 611 584 in
639 555 744 590 quibus
775 554 945 591 injectiones
967 554 1139 582 anatomieae
1164 555 1340 591 probabant,
1362 565 1428 584 vasa
1451 555 1481 585 in
1504 555 1637 592 pseudo·
1655 554 1796 583 membra-

293 610 357 645 nis,
380 609 455 638 inter
477 609 605 644 pieuram
628 613 655 635 et
674 607 836 642 pulmonem
863 605 1064 641 inveniendis,
1085 604 1206 634 formata
1219 626 1229 640 ‚
1251 615 1310 634 non
1326 615 1342 635 a
1359 608 1495 642 pulmone
1518 607 1553 635 ad
1572 607 1722 643 pleuram,
1743 605 1795 634 sed

290 662 325 691 ab
352 661 406 689 hac
431 659 466 688 ad
493 659 574 687 illum
600 658 748 686 decurrere
773 663 859 692 atque
886 657 1049 685 arteriarum
1077 656 1302 686 intercostalium
1335 666 1397 686 esse
1421 665 1526 686 ramos.
1577 657 1703 686 Eandem
1732 663 1794 684 rem

293 713 396 741 docere
416 711 530 739 videtur
556 709 718 737 observatio
743 708 793 737 CI.
824 708 944 736 Monroi
958 730 968 743 ,
997 707 1046 744 qui
1068 716 1170 737 novam
1195 715 1224 736 et
1246 716 1373 745 magnam
1396 707 1525 744 depinxit
1544 708 1627 745 (75)
1657 707 1798 736 membra-

290 772 354 793 nam
371 783 382 798 ‚
407 763 493 799 ,qu'us
519 769 574 797 ope
600 759 734 788 intestina
761 759 909 795 peritoneo
939 759 1148 796 jungebantur3
1179 759 1320 796 cuiusque
1350 760 1529 790 membranae
1559 766 1626 787 vasa
1653 757 1768 786 illorum
1785 775 1797 791 ‚

294 822 366 849 quae
390 813 420 841 in
446 812 596 848 peritoneo
621 810 861 844 inveniebantur„
892 810 1122 840 continuationes
1149 817 1241 840 erant.
1284 810 1367 839 Hanc
1387 819 1504 846 quoque
1532 808 1700 838 sententiam
1728 816 1798 844 pro-

288 864 356 893 bare
379 863 493 892 videtur
519 861 683 891 observatio
708 862 798 890 Doct.
822 861 959 898 Hastings
987 862 1097 898 (76)⁹
1129 861 1286 897 quierint,
1313 870 1343 890 se
1366 862 1396 890 in
1414 862 1521 890 vulnus
1543 860 1696 896 obtegente
1718 857 1799 887 ssavi-

291 915 351 944 do-
372 914 466 943 albida
487 915 578 942 massa
603 921 670 942 vasa
694 911 811 940 formari
840 913 992 949 perspicue
1018 913 1145 948 vidisse,
1177 921 1240 941 cum
1267 913 1344 942 vasis
1378 911 1560 948 capillaribus
1590 911 1694 940 vicinis
1719 918 1800 939 com-

289 966 473 996 municantia.
514 965 594 993 Haec
619 971 646 992 et
669 964 722 992 alia
744 963 772 992 in
797 965 884 992 causa
908 963 1046 1000 fuerunt,
1064 965 1147 1001 -quod
1170 964 1253 993 multi
1280 971 1433 998 auctores,
1459 964 1539 992 nulia
1562 971 1629 992 vasa
1651 970 1726 990 nova
1752 968 1802 997 ge·

291 1017 410 1051 nerui-i,
438 1015 488 1044 sed
510 1016 565 1052 jam
589 1013 739 1043 existentia
760 1013 902 1049 ,insignem
926 1014 956 1043 in
981 1016 1097 1044 modum
1121 1022 1231 1044 tanturn
1256 1015 1388 1051 elongari
1418 1022 1524 1050 posse,
1551 1013 1713 1042 statuerint.
1753 1011 1802 1040 Ad

292 1069 375 1104 cujus
401 1064 559 1095 sententiae
585 1072 742 1100 patronos.
763 1072 799 1092 ne
816 1066 912 1100 plures
936 1074 1120 1102 enumerem,
1148 1065 1273 1102 pertinet
1297 1073 1415 1101 quoque
1440 1065 1490 1094 C1.
1519 1063 1657 1092 Blehatus
1688 1062 1799 1099 (77),

293 1125 341 1154 et,
365 1125 396 1146 ut
420 1117 554 1151 videtur,
576 1116 625 1144 Cl.
646 1114 728 1142 etiam
748 1115 945 1152 Wrisbergius
963 1117 1059 1152 (78).

330 1168 377 1197 Ab
403 1167 491 1196 altera
516 1171 609 1194 autem
639 1172 719 1200 parte
744 1174 803 1194 non
822 1174 911 1202 pauca
937 1173 1006 1195 sunt
1030 1173 1215 1203 argumenta,
1247 1175 1319 1202 quae
1342 1165 1512 1195 contrariam
1538 1163 1707 1193 sententiam
1732 1171 1803 1199 pro-

293 1220 360 1248 bare
383 1218 539 1252 videntur,
570 1215 592 1244 i.
615 1224 643 1244 e.
673 1224 746 1251 quae
772 1216 897 1251 docent,
924 1225 1001 1247 nova
1022 1217 1071 1247 illa
1090 1225 1158 1247 vasa
1180 1226 1241 1247 non
1264 1225 1315 1253 per
1336 1225 1432 1245 veram
1456 1223 1561 1245 novam
1588 1213 1803 1251 generationem

292 1269 429 1304 formari,
452 1274 538 1303 atque
569 1267 635 1296 inde
657 1267 796 1304 originem
823 1267 940 1297 habere.

330 1322 367 1349 In
391 1319 613 1348 inflammatione
643 1319 823 1347 membranae
845 1319 1047 1356 conjunctivae
1075 1319 1090 1355 (
1105 1319 1176 1348 haec
1207 1318 1282 1348 enim
1312 1323 1477 1355 argumenta
1504 1324 1522 1345 e
1558 1315 1704 1345 Meckelio
1730 1322 1804 1351 quo·

291 1380 348 1408 que
371 1371 518 1399 desumere
545 1369 660 1406 liceat)
695 1369 784 1398 rubor
808 1369 891 1398 initio
915 1377 1025 1398 tantum
1055 1370 1090 1398 ad
1125 1378 1244 1399 corneae
1271 1369 1409 1398 ambitum
1434 1376 1527 1404 usque
1556 1366 1661 1403 pergit.
1703 1366 1798 1403 Quam

293 1422 449 1452 vehemens
474 1429 592 1457 quoque
616 1420 704 1458 hujus
727 1420 959 1449 inflammationis
976 1420 1079 1457 gradus
1106 1420 1164 1457 sit,
1185 1420 1215 1450 in
1237 1421 1343 1450 cornea
1365 1426 1459 1448 tamen
1482 1426 1549 1448 vasa
1570 1426 1630 1447 non
1645 1422 1804 1454 apparent,

1706 1475 1805 1504 prius-

329 1553 410 1587 (74)
427 1554 492 1580 Vid.
510 1551 664 1578 Matthew's
684 1552 801 1578 Baillie's
823 1553 962 1579 Anatomie
983 1551 1029 1578 des
1048 1552 1226 1579 Kiankhaften
1245 1553 1330 1580 Baues
1349 1558 1403 1578 etc.
1428 1557 1474 1577 aus
1495 1550 1553 1576 dem
1572 1549 1734 1582 Englischen
1758 1550 1807 1574 mit

296 1599 503 1631 Anmerkungen
523 1604 576 1622 von
593 1598 769 1631 semmering.
792 1599 884 1625 Berlin
898 1600 973 1625 1820.
996 1605 1055 1631 pag.
1070 1605 1113 1631 32·
1128 1607 1186 1626 not.
1200 1600 1242 1633 67.
1277 1598 1360 1625 Conf.
1379 1597 1423 1624 Cl.
1440 1596 1614 1627 Sc'immeriug.
1633 1594 1804 1622 Gef'a'sslehre

295 1648 322 1680 ἓ.
342 1647 401 1673 162.

328 1690 410 1726 (75)
431 1689 494 1717 Vid.
510 1690 545 1717 A.
561 1690 682 1722 Monro,
708 1689 895 1717 Observations
910 1696 947 1716 on
965 1690 1010 1717 the
1033 1694 1167 1718 structure
1187 1689 1236 1716 and
1255 1689 1392 1715 functions
1413 1687 1447 1712 of
1466 1687 1511 1712 the
1532 1692 1649 1711 net-vous
1672 1684 1804 1718 Systhem.

296 1745 352 1766 etc.
369 1738 436 1764 Tab.
452 1744 494 1770 47.
512 1742 538 1762 et
554 1735 579 1760 in
597 1736 758 1763 Germanica
775 1738 897 1764 versione
917 1737 1016 1770 Leipz.
1029 1739 1103 1772 1787.
1119 1743 1197 1771 4t0.‚
1214 1742 1291 1768 quam
1311 1732 1462 1760 Meckeiius
1479 1731 1575 1762 laudat,
1591 1733 1656 1758 Tab.
1673 1730 1750 1758 XIII·

329 1782 411 1818 (76)
430 1782 491 1809 vid.
508 1781 682 1815 Abhandlung
698 1784 765 1810 iiber
780 1783 822 1809 die
837 1783 1018 1816 Entzfindung
1025 1783 1070 1810 der
1086 1782 1264 1810 Schleimhaut
1280 1780 1325 1806 der
1342 1779 1463 1810 Lungen.
1478 1778 1564 1804 Nebst
1574 1779 1666 1809 einer,
1679 1778 1728 1803 auf
1739 1778 1802 1803 Ver·

295 1830 378 1857 suche
396 1829 452 1855 sich
468 1827 657 1860 grsmdenden,
672 1830 877 1862 Untersuchung
885 1831 950 1856 iiber
968 1829 1012 1855 die
1032 1829 1243 1856 Contractilitaet
1259 1825 1306 1851 der
1323 1825 1507 1857 Blutgeffisse‚
1523 1823 1577 1850 und
1594 1823 1637 1849 die
1655 1822 1738 1850 Natur
1751 1822 1798 1849 der

295 1875 476 1907 Entziindung
489 1881 543 1900 von
559 1874 619 1900 Karl
636 1874 758 1908 Hastings
779 1876 822 1902 M.
840 1877 892 1905 Dr.
927 1875 1058 1908 Ausgdem
1079 1874 1243 1908 Englischen
1260 1872 1399 1900 ubersetzt
1415 1879 1469 1897 von
1488 1871 1523 1897 G.
1540 1877 1594 1897 von
1615 1870 1674 1896 dem
1697 1870 1798 1898 Busch.

289 1922 404 1949 Bremen
424 1921 498 1947 1822.
513 1926 571 1954 4t0.

327 1965 409 2000 (77)
433 1964 497 1992 Vid.
521 1966 659 1992 Anatomie
685 1968 838 2000 Generale,
869 1957 1004 2001 precedee
1028 1967 1074 1994 des
1098 1965 1269 1993 Recherches
1295 1963 1517 1997 Physiologiques
1539 1969 1585 1988 sur
1611 1963 1634 1988 la
1658 1962 1703 1988 vie
1726 1968 1754 1989 et
1775 1963 1800 1988 la

295 2017 369 2039 mort
382 2019 390 2042 ς
405 2019 451 2044 par
470 2011 574 2039 Bichat.
590 2013 724 2039 Nouvelle
741 2014 862 2041 Edition.
881 2015 958 2041 Tom.
969 2014 992 2041 1.
1010 2014 1078 2040 Paris
1097 2013 1171 2040 1818.
1187 2019 1247 2045 pag.
1266 2017 1314 2043 343
1333 2016 1390 2042 seq.
1407 2015 1433 2035 et
1453 2016 1512 2041 pag.
1528 2013 1586 2040 394.

331 2056 407 2090 (78)
426 2054 487 2082 vid.
504 2063 579 2082 2lste
592 2058 666 2083 Note
682 2065 717 2084 zu
733 2060 840 2086 Alberts
856 2068 912 2087 von
928 2061 1020 2086 Haller
1042 2058 1186 2085 Grundriss
1211 2055 1257 2081 der
1284 2056 1382 2089 Phys..
1400 2056 1448 2081 mit
1474 2054 1714 2087 Verbesserungen
1739 2053 1795 2081 und

293 2104 409 2133 Zusfitze
425 2109 478 2129 v011
493 2102 567 2129 Prof·
587 2102 727 2136 Wrisberg
737 2122 747 2135 ,
761 2105 816 2131 und
829 2107 876 2132 mit
894 2105 1100 2138 Aninerkungen
1115 2110 1170 2130 von
1190 2103 1356 2134 sommering
1368 2101 1422 2127 und
1438 2092 1560 2127 M'eckel.
1579 2100 1668 2126 Berlin
1688 2100 1763 2134 1788·
