1961 2438
305 126 350 171 34
813 121 1261 158 αΕΚΑΜΑ

354 216 519 255 Quantum
544 212 625 245 absit
649 211 689 243 ab
719 212 809 242 omni
834 211 956 243 feritate
985 213 1197 255 ingenuarum
1228 211 1343 243 artium
1378 208 1545 251 studium,
1575 218 1777 257 quantopere

308 271 439 304 deceant
468 277 499 302 et
531 275 645 301 ornent
671 279 775 300 mores
811 268 937 300 honesti
968 269 1110 312 bonique
1127 293 1135 309 ‚
1177 268 1210 300 id
1239 269 1352 300 Vestro
1381 268 1527 312 exemplo
1558 270 1774 302 cummaxime

307 330 368 361 hoc
386 339 472 360 anno
488 326 759 370 comprobavistis.
805 326 933 358 Vestrae
950 327 1123 358 modestiae
1142 332 1173 357 et
1196 326 1371 357 industriae
1393 326 1451 368 qui
1479 325 1628 368 publicus
1648 328 1775 368 Specta-¹

307 392 357 418 tor
380 385 504 423 exstiti,
526 383 609 415 idem
632 382 721 426 quod
737 382 896 414 Laudator
919 395 985 415 esse
1008 385 1127 426 possim
1141 406 1150 420 ‚
1179 382 1384 415 vehementer
1408 382 1543 426 gaudeo.
1607 381 1697 413 Nihil
1724 392 1776 414 sa·

305 453 362 480 ne,
383 451 479 484 quam
503 450 731 483 conceperam,
762 450 850 482 spem
881 439 994 471 laetam
1023 439 1182 479 turbavit,
1211 440 1275 471 nisi
1300 440 1413 471 mortis
1441 440 1630 470 immaturae
1652 438 1774 471 acerbi·

307 505 369 536 tas,
391 508 471 540 quae
493 497 637 541 quinque
655 507 673 528 e
692 507 829 528 numero
852 498 1001 529 Vestrum
1026 497 1166 540 optimae
1190 507 1324 529 suorum
1342 497 1569 540 exspectationi
1592 501 1665 528 ante
1683 494 1771 528 diem

308 553 404 586 eheu!
432 553 563 597 eripuit.

348 668 413 697 Vos
442 666 539 709 igitur
574 666 693 709 egregii
725 665 883 698 Juvenes!
909 677 975 710 quo
999 666 1167 709 coepisti5‚
1199 677 1266 709 quo
1296 666 1423 705 soletis,
1451 667 1495 698 sie
1526 666 1622 699 firmo
1647 674 1777 712 semper

305 722 384 766 pede
399 723 476 754 eatis
497 721 537 753 ad
561 729 706 753 sanctum
724 723 858 755 Virtutis
876 723 1112 767 Doctrinaeque
1141 722 1334 767 Gloriaeque
1356 723 1537 767 Templum.

347 835 413 867 Nee
438 840 484 865 est
517 833 661 877 profecto
690 835 779 878 quod
809 847 871 879 ego
905 835 1096 868 industriam
1128 841 1267 869 vestram
1295 835 1503 880 studiumque
1529 836 1676 878 laudem,
1711 840 1777 873 Pu-

305 890 390 923 blica
413 890 567 922 habemus
588 892 768 924 testimonia
781 916 790 932 ‚
811 893 939 937 publica
960 892 1166 925 documenta.
1218 894 1293 925 Uno
1317 893 1381 925 hoc
1402 904 1488 925 anno
1507 905 1562 926 sex
1580 894 1630 927 vel
1653 902 1777 939 septem

307 958 325 979 e
347 958 484 978 numero
505 949 654 979 Vestrum
682 959 718 980 ea
738 948 896 983 dederunt
916 949 1108 983 eruditionis
1126 960 1202 982 suae
1221 951 1415 994 specimina,
1437 950 1558 995 quibus
1574 950 1652 984 alibi
1678 953 1776 985 etiam

307 1005 446 1047 praemia
470 1004 612 1036 tulerunt
633 1011 665 1037 et
691 1004 831 1039 laudem.

353 1117 461 1158 Quid?
476 1128 585 1150 nonne
600 1120 644 1150 Te
660 1130 835 1153 memorem
857 1130 954 1154 utu:
976 1131 1058 1154 van
1081 1131 1157 1154 nnn
1180 1120 1364 1154 Hoeven!
1396 1132 1485 1154 nunc
1503 1122 1692 1166 Magistrum
1711 1123 1779 1155 Ma·

309 1172 434 1205 theseos
450 1180 481 1206 et
489 1174 711 1220 Philosophiae
729 1178 883 1210 naturalis
892 1179 1073 1218 Ductorem,
1091 1180 1134 1210 Te
1146 1178 1214 1221 jam
1232 1185 1306 1210 ante
1324 1179 1500 1211 triennium
1515 1178 1579 1212 fere
1591 1179 1677 1223 apud
1695 1179 1778 1221 Nos,

307 1231 343 1261 in
368 1231 521 1263 Botanico
545 1235 736 1273 certamine,
769 1236 894 1268 Victori
916 1236 1105 1279 proximum
1139 1235 1320 1268 honorifice
1353 1235 1556 1279 judicatum,
1585 1246 1662 1268 mox
1689 1235 1778 1280 apud

309 1287 532 1320 Gandavenses
557 1290 591 1321 in
615 1290 785 1334 disciplina
815 1293 978 1330 Naturali,
1015 1292 1162 1334 sequenti
1199 1293 1311 1324 itidem
1342 1303 1429 1324 anno
1456 1292 1543 1336 apud
1577 1293 1775 1336 Trajectinos

308 1343 344 1374 in
375 1343 498 1376 Medica
526 1352 593 1377 arte
622 1346 762 1379 lauream
795 1348 947 1392 adeptum
970 1348 1155 1386 victricem,
1187 1347 1250 1379 hoc
1279 1359 1357 1380 vero
1381 1359 1468 1380 anno
1495 1358 1514 1379 a
1538 1348 1694 1380 societate
1716 1349 1775 1381 illa

307 1399 509 1432 scientiarum
520 1424 530 1441 ‚
551 1413 632 1445 quae
650 1404 685 1435 in
703 1403 813 1436 eadem
829 1405 1007 1448 Trajeotina
1020 1405 1187 1437 Provincia
1203 1403 1313 1445 floret,
1335 1405 1456 1448 insigni
1475 1411 1626 1436 ornatum
1644 1404 1778 1441 Brabem,

348 1513 469 1547 Nonne
488 1517 531 1548 Te
552 1527 708 1550 sacena
740 1527 916 1550 connum
937 1528 1015 1551 vnn
1039 1528 1115 1550 nau
1137 1513 1342 1550 nnoacssai
1359 1516 1436 1561 qui,
1455 1521 1494 1549 ut
1513 1523 1591 1549 ante
1605 1516 1780 1550 biennium

306 1569 341 1601 in
369 1571 539 1605 Academia
564 1580 674 1606 nostra
691 1575 874 1608 Chemicam
887 1600 896 1615 ‚
917 1575 964 1608 sic
991 1585 1096 1618 nuper
1116 1575 1151 1606 iu
1167 1573 1374 1606 Gandavensi
1395 1572 1552 1606 Medicam
1566 1573 1776 1617 praeripuisti

305 1626 444 1669 palmam
483 1631 721 1674 triumphalem.
746 1650 794 1659 —
821 1634 929 1675 Teque
958 1632 993 1663 in
1020 1631 1131 1663 eadem
1160 1630 1333 1664 Academia
1354 1640 1373 1661 e
1402 1629 1554 1661 Chemico
1581 1629 1775 1670 certamine,

303 1682 444 1724 ejusdem
461 1685 558 1717 simul
583 1687 702 1730 gloriae
730 1690 876 1727 socium,
908 1698 1065 1721 ammom
1096 1697 1268 1720 nauare:
1290 1696 1370 1719 νΑιτ
1393 1696 1470 1718 aaa
1492 1696 1596 1719 Boon
1619 1683 1777 1722 nasoni

303 1742 361 1782 qui
384 1742 501 1784 gentile
521 1749 614 1775 tuum
633 1755 769 1786 nomen,
783 1751 830 1777 tot
848 1745 1003 1789 proemiis
1021 1744 1122 1789 partis
1143 1744 1280 1784 clarum,
1302 1743 1401 1788 digne
1426 1742 1578 1775 sustines,

347 1853 462 1886 Nonne
476 1858 563 1889 Vos?
584 1869 726 1891 wopan
747 1869 936 1892 worxmvs
957 1868 1060 1891 mzou
1070 1869 1099 1891 w
1110 1869 1170 1898 an,
1192 1857 1350 1890 fraternae
1365 1865 1500 1900 quoque·
1516 1853 1640 1887 aemule
1655 1854 1774 1888 laudis!

304 1914 336 1940 et
358 1920 542 1944 Annuit
570 1925 649 1947 van
677 1915 853 1949 caman!
884 1918 942 1960 qui
969 1915 1081 1956 ambo,
1104 1914 1377 1958 J-urisprudentiae
1404 1912 1505 1951 alter,
1535 1910 1614 1943 alter
1645 1911 1780 1944 Medici·

303 1975 368 1996 nae
398 1967 513 2000 studiis
545 1969 667 2012 dediti,
697 1975 737 2007 in
763 1983 823 2005 sua
843 1973 986 2017 quisque
1014 1970 1207 2017 disciplina,
1244 1969 1333 2015 apud.
1363 1970 1563 2014 Traiectinos
1602 1968 1779 2002 victoriam-

306 2030 375 2054 ιω
397 2026 597 2069 reportastis.

1687 2080 1784 2118 unm
