1961 2438
341 115 386 150 26
857 108 1304 144 QEK'AMA'

382 205 476 234 Hunc
501 210 576 232 vero
600 208 739 230 amorem
763 198 939 234 Historiae,
963 203 1058 239 atque
1078 207 1175 228 omne
1206 196 1440 228 Humaniorum
1470 197 1646 230 Literarum
1671 199 1817 233 studium

344 270 420 291 mox
456 258 604 289 excitavit
638 254 759 296 magis,
792 253 892 293 aluit,
930 253 1073 285 incendit
1107 253 1226 285 summi
1256 259 1334 284 tunc
1370 254 1404 284 in
1439 253 1603 286 Academia
1637 256 1814 298 Trajectina

345 316 511 352 Ductoris,
542 312 624 343 Petri
653 310 873 352 Wesselingii,
913 321 1008 353 quem
1044 319 1248 351 summopere
1280 308 1423 348 colebat,
1447 310 1605 352 praeclara
1629 312 1821 355 disciplina⁴⁷

343 374 430 404 unde
456 370 516 401 hoc
547 366 739 399 eruditionis
764 377 878 408 genere
905 364 995 397 brevi
1028 366 1106 396 adeo
1134 365 1304 397 excellebat
1332 377 1602 403 TRWATERUS,
1625 375 1660 399 ut
1691 369 1823 401 octode-

345 432 405 459 cim
438 427 489 457 vix
522 434 622 455 annos
651 428 727 454 nato
759 422 938 453 scholarum
979 420 1282 453 Amerssurtensium
1322 422 1528 455 moderamen
1560 423 1606 456 illi
1639 423 1814 460 offerretur.

342 486 461 525 >Verum
489 481 645 512 Ecclesiae
673 490 706 511 se
733 480 938 522 potissimum
962 478 1131 511 dicaverat.

387 596 489 638 Igitur
518 593 696 625 studiorum
725 602 821 624 cursu
857 591 915 622 rite
941 598 1085 634 peracto,
1116 603 1207 624 sacro
1231 593 1382 636 deinceps
1412 604 1545 625 munere
1578 593 1707 627 functus
1730 594 1815 627 fuit:

346 653 485 696 primum
512 652 544 682 in
566 661 646 693 pago
673 648 889 687 Haamstede,
914 655 984 680 tum
1013 651 1130 690 verae,
1156 650 1230 681 inde
1258 650 1448 694 Ffissingae,
1480 651 1631 682 aliorsum
1665 661 1795 694 quoque
1804 673 1821 693 ε,

347 712 471 751 saepius
490 707 630 738 studiose
649 705 704 737 sed
724 705 839 736 frustra
862 712 1025 739 evocatus.

387 821 447 851 Ilic
472 826 576 851 autem
601 819 663 851 loci
688 829 964 858 TEWATERUS‚
998 825 1034 851 ut
1062 821 1168 852 omnis
1202 827 1268 853 erat
1290 820 1454 853 doctrinae
1478 828 1510 854 et
1539 822 1644 854 cultor
1671 822 1824 866 egregius

348 884 378 909 et
403 884 575 921 patronus,
600 887 686 908 anno
713 876 813 909 seculi
836 878 1032 920 sexagesimo
1057 885 1171 910 octavo
1198 879 1301 922 prima
1322 879 1398 921 jecit
1424 877 1631 910 fundamenta
1651 879 1828 911 Societatis;

344 935 551 966 scientiarum
574 933 811 976 Flissinganae,
845 941 954 976 postea
973 934 1223 978 Medioburgum
1260 936 1451 976 translatae,
1475 936 1677 968 Zeelandicae
1700 936 1830 975 dictae31

347 994 438 1035 cujus
462 998 498 1023 ut
521 990 752 1029 instituendae,
769 993 812 1022 ita
834 998 866 1022 et
882 990 1039 1027 indefesso
1066 991 1175 1024 labore
1196 992 1457 1035 amplificandae,
1478 993 1546 1024 laus
1568 993 1629 1035 ipsi
1646 994 1829 1035 praecipuas

351 1049 502 1088 debetur,
517 1047 650 1080 debetur
665 1053 696 1081 et
710 1046 912 1090 symbol-um,
927 1059 993 1092 quo
1010 1049 1105 1080 etiam
1122 1060 1211 1081 nunc
1227 1051 1330 1081 utitur
1346 1048 1420 1081 illa:
1443 1060 1509 1081 non
1523 1048 1651 1082 sordent
1665 1051 1698 1080 in
1714 1046 1825 1081 undas..

396 1165 493 1205 Anno
518 1163 633 1205 deiude
655 1163 888 1207 septuagesimo
907 1164 1044 1208 septimo
1064 1162 1207 1195 Illustres
1231 1162 1414 1196 Zeelandiae
1440 1162 1579 1195 Ordines
1604 1162 1821 1205 Historiograa.

351 1221 407 1264 phi
431 1223 482 1252 sui
502 1220 625 1264 publici
643 1231 761 1252 munus
782 1220 1020 1264 perhonorifice
1045 1222 1179 1251 Decreto
1202 1222 1237 1252 in
1260 1231 1335 1251 eum
1355 1219 1573 1251 contulerunt.
1624 1219 1721 1259 Quod
1737 1221 1828 1262 qui-2

353 1277 425 1309 dem
444 1288 563 1308 munus
579 1277 657 1309 adeo
673 1278 888 1320 gratissimum
905 1276 951 1308 illi
971 1276 1034 1309 fuit
1052 1288 1196 1319 semper,
1219 1284 1274 1316 ut,
1298 1288 1372 1308 cum
1397 1284 1506 1320 postea
1527 1276 1649 1308 difficili
1675 1283 1821 1319 tempore

353 1341 485 1365 cessaret
504 1334 732 1373 honorarium,
754 1335 865 1365 titulus
880 1341 985 1365 tamen
1007 1334 1094 1365 solus
1115 1334 1200 1365 haud
1221 1335 1328 1365 minus
1353 1333 1500 1376 placeret.
1545 1334 1610 1363 Nec
1629 1342 1704 1364 vero
1720 1331 1813 1375 quid·

351 1401 447 1432 quam
474 1390 631 1432 neglexit,
661 1398 712 1429 ut,
736 1395 816 1433 quae
844 1390 993 1425 historiae
1017 1400 1056 1421 ex
1084 1390 1192 1422 officio
1221 1390 1494 1430 conscribendae,
1527 1388 1705 1423 dummodo
1737 1395 1816 1432 tem}

350 1456 428 1488 pora
447 1447 607 1487 sinerent,
630 1447 843 1487 inservirent,
865 1447 977 1483 sedulo
1001 1447 1178 1491 colligeret.

1952 1320 1961 1540 numm—*M

395 1560 518 1593 Interea
536 1567 610 1603 post
636 1562 812 1598 triennium
837 1561 877 1594 ad
895 1561 1134 1606 Philosophiam
1158 1560 1334 1604 itidemque
1359 1559 1533 1592 Historiam
1556 1560 1691 1604 patriam
1715 1559 1750 1590 in
1772 1567 1829 1590 cen

352 1615 432 1648 lebri
454 1624 531 1649 tunc
549 1618 867 1662 Medioburgensium
904 1620 1070 1651 Athenaeo
1093 1617 1312 1662 profitendam
1332 1615 1517 1648 vocabatur.
1575 1619 1680 1655 Quam
1701 1615 1822 1646 docen-

353 1672 386 1703 di
410 1674 606 1716 provinciam
632 1677 783 1707 Oratione
817 1674 858 1706 de
883 1677 1084 1706 Praestantc'a
1115 1681 1148 1706 et
1173 1674 1338 1716 Dignitate
1365 1672 1525 1704 Historiae
1548 1673 1696 1703 Batavae
1720 1670 1830 1709 adiit»,

353 1734 448 1771 atque
474 1741 599 1762 summa
626 1742 700 1763 cum
735 1731 851 1771 laude,
884 1742 1066 1776 magnoque
1105 1731 1307 1775 egregiorum
1337 1728 1568 1772 discipulorum
1598 1728 1823 1761 emolumento

357 1787 481 1818 ornavit
508 1798 565 1830 per
590 1789 852 1832 quinquennium
878 1788 954 1822 fere.

1946 1763 1950 1804 *-
1944 1595 1957 1742 1=—»-:.x=.

345 1935 350 1939 .
400 1899 465 1929 Hac
489 1898 571 1930 fama
593 1901 703 1940 exciti,
726 1902 783 1944 qui
804 1901 1006 1935 Academiam
1031 1899 1372 1943 Lugduno-Batavam
1404 1904 1484 1930 tunc
1515 1897 1686 1937 curabant,
1708 1897 1829 1931 virum

358 1954 510 1989 eximium
530 1967 614 1987 anno
640 1957 739 1989 seculi
758 1960 953 2001 octogesimo
973 1959 1088 2001 quinto
1114 1957 1178 1988 huc
1204 1957 1384 1992 invitarunt
1407 1955 1447 1986 ad
1472 1953 1702 1986 Professionem
1717 1951 1823 1987 Theo-1

356 2007 461 2054 legiae
486 2018 518 2044 et
548 2014 703 2045 Historiae
726 2013 982 2055 Ecclesiasticae,
1010 2023 1179 2057 sacrosque
1209 2022 1372 2046 sermones
1412 2010 1552 2044 habendi
1585 2009 1755 2043 destinatas
1778 2007 1832 2039 vi-

1766 2073 1835 2099 ess!
