1961 2438
313 100 352 134 18
840 95 1268 127 JUDICIA

316 198 451 230 rumque
476 187 638 217 novatrix.
689 185 743 214 Ex
766 181 834 214 aliis
871 181 951 214 altas
978 189 1107 225 reparat
1134 188 1251 213 natura
1268 182 1408 226 figuras.
1440 192 1625 215 ovmins.
1683 181 1788 214 Altera

321 244 489 286 inscripta:
514 242 648 274 Multam
683 239 791 271 adlzuc
817 246 913 270 restat
941 242 1043 282 operis
1067 238 1263 282 multumque
1288 238 1431 278 restabit,
1455 249 1514 269 nec
1541 237 1597 270 alli
1620 244 1697 269 nato
1713 244 1791 281 post

323 299 406 330 mille
425 300 531 330 secula
544 296 768 341 praecluditur
788 297 912 328 occasio
939 294 1067 338 aliquid
1089 293 1196 326 adlzuc
1223 293 1406 335 adjiciendi.
1437 304 1600 327 snuich.

365 356 489 388 Ambae
524 356 582 386 hae
614 355 899 386 commentationes
931 352 1044 394 dignae
1073 358 1148 382 sunt
1174 350 1330 393 judicatae
1359 350 1430 393 pari
1457 350 1600 389 honore,
1632 357 1664 382 et
1689 351 1786 393 igitur

324 424 405 456 quac
436 413 534 454 Regio
569 411 710 455 praemio
743 410 1059 448 condecorarentur,
1090 407 1177 450 quod
1214 414 1320 438 tamen
1347 418 1421 438 cum
1454 418 1492 438 ex
1528 407 1596 450 lege
1621 406 1690 438 fieri
1721 417 1788 438 non

323 476 448 512 posset,
479 475 544 499 erat
565 467 666 499 forma
692 467 823 510 praemii
851 465 890 496 ad
919 471 1035 496 sortem
1062 463 1248 495 revocanda.
1297 462 1435 494 Publicis
1467 464 1566 506 igitur
1597 462 1784 506 Ephemeri-

324 515 420 557 dibus
438 525 561 556 invitati
588 530 664 555 sunt
691 529 855 560 auctores,
890 521 946 564 qui
984 532 1090 551 coram
1122 519 1280 550 Facultate
1306 526 1499 562 aperuerunt
1527 518 1695 551 schedulas
1719 518 1786 549 suis

320 580 642 612 commentationibus
677 578 842 620 adjunctas
861 600 871 614 ,
904 583 935 608 et
961 577 1039 607 sorti
1075 577 1304 607 commiserunt
1336 576 1468 618 praemii
1495 575 1670 607 fortunam.
1711 576 1785 605 Sors

319 637 431 668 tribuit
454 647 604 668 NUMUM
636 635 792 674 Auctori‚
815 644 1014 665 cannino
1047 643 1094 663 DE
1122 642 1218 669 VOS,
1249 631 1434 664 Medicinae
1452 631 1637 663 Candidato
1660 637 1691 662 et
1714 632 1785 661 Stu-

318 691 408 724 dioso
429 716 438 731 ,
479 693 513 724 in
559 690 739 723 Academia
779 689 1108 732 Lugduno-Batava3
1147 698 1341 720 DIPLOMA
1377 688 1507 718 Auctori
1527 710 1538 725 ‚
1580 696 1787 718 CORNELIO

318 759 505 780 ADRIANO
535 757 744 784 BERGSMA,
776 745 883 778 Matlz.
910 751 942 776 et
969 744 1087 776 Plzilos.
1111 746 1229 777 Natar.
1252 750 1284 775 et
1307 742 1393 776 Med.
1423 742 1631 783 candidato,
1656 749 1687 774 et
1715 744 1786 773 Stu-

317 804 403 838 dioso
430 805 465 836 in
494 803 674 835 Academia
703 803 895 843 Trajectina.

1027 913 1043 943 Ι
1063 913 1086 944 Ι.

341 1002 582 1036 ORDINIS
626 1000 1045 1036 PHILOSOPHIAE
1100 999 1488 1034 THEORETICAE
1533 1011 1581 1033 ET
1625 999 1764 1033 LITE.-

725 1058 933 1092 RARUM
971 1058 1379 1091 HUMANIORUM.

365 1162 412 1192 De
442 1161 730 1200 commentatione,
755 1170 837 1203 quae
863 1170 928 1190 una
942 1158 1032 1190 allata
1052 1167 1115 1198 est,
1140 1172 1204 1203 qua
1225 1159 1436 1203 respondetur
1454 1159 1494 1192 ad
1514 1159 1597 1191 hanc
1617 1161 1785 1200 Quaestio-

319 1227 392 1247 nem
436 1217 631 1258 propositam
677 1215 717 1248 ad
753 1221 914 1247 certamen
956 1217 1157 1248 Literarum:
1201 1217 1346 1249 Historia
1389 1217 1510 1250 Critica
1555 1215 1784 1250 Bibliothecae

319 1271 576 1305 Alexandrinae.

361 1329 516 1358 Omnium
543 1327 716 1359 sententiae
739 1328 774 1359 in
801 1317 839 1359 eo
863 1328 1080 1366 conveniunt,
1103 1338 1170 1360 esse
1192 1327 1323 1371 quidem
1355 1327 1512 1360 nonnulla
1543 1327 1780 1371 reprehenden-

321 1383 360 1415 da
385 1385 419 1414 in
442 1384 667 1426 disputationis
692 1395 759 1414 uno
779 1384 942 1427 alteroque
966 1384 1093 1426 Capite,
1120 1383 1176 1415 sed
1192 1395 1260 1415 eam
1287 1391 1393 1415 tamen
1421 1386 1508 1416 cerni
1538 1385 1676 1415 auctoris
1708 1383 1781 1415 dili-

319 1440 456 1482 gentiam
475 1450 608 1482 eamque
634 1450 742 1471 rerum
767 1441 1026 1482 gravissimarum
1057 1441 1117 1471 rite
1143 1440 1411 1483 explorandarum
1442 1440 1599 1471 rationem
1626 1446 1657 1471 et
1684 1438 1781 1470 facul-

320 1502 434 1533 tatem,
467 1501 504 1525 ut
534 1499 654 1528 Auctor
677 1495 796 1538 dignus
827 1502 1012 1534 censeatur,
1048 1497 1105 1539 qui
1138 1497 1301 1539 proposito
1328 1496 1471 1539 praemio
1496 1502 1639 1527 ornetur.
1686 1495 1781 1527 Sche-

319 1551 407 1589 dula,
429 1550 561 1589 eodem,
585 1562 651 1593 quo
672 1553 739 1594 ipsa
765 1554 1010 1591 commentatio,
1035 1552 1182 1584 lemmate
1197 1553 1371 1595 inscripta,
1393 1551 1579 1594 Elegantiae
1603 1562 1711 1593 regum
1727 1561 1783 1582 cu-

318 1617 436 1650 raeque
452 1608 604 1648 egregium
620 1607 659 1639 id
674 1600 760 1650 opus.
787 1619 946 1646 L1VIUS‚
971 1616 1022 1652 ap.
1056 1610 1210 1640 Senecam
1238 1608 1279 1639 de
1291 1608 1406 1650 Tranq.
1436 1609 1551 1645 animi,
1576 1608 1608 1639 C.
1618 1617 1650 1647 9.
1673 1613 1781 1649 aperta

317 1670 379 1700 est,
405 1664 586 1706 prodiitquc
605 1674 745 1700 nomen,
768 1676 987 1696 ammanus
1010 1676 1160 1705 oanan,
1181 1666 1244 1697 Lic.
1266 1667 1362 1696 Ham.
1379 1671 1410 1697 ec
1428 1663 1511 1697 Plzil.
1542 1663 1657 1697 leeor.
1673 1661 1779 1697 caud.

318 1721 347 1751 J.
371 1722 407 1751 U.
430 1718 519 1751 Scud.
545 1718 645 1761 Lugd.
669 1721 788 1754 Batav.

379 1805 714 1839 commentationibus
739 1816 878 1851 quatum¹
905 1809 1041 1852 singulis
1065 1819 1254 1853 responsum
1281 1814 1329 1841 est
1347 1807 1387 1840 ad
1407 1808 1633 1849 Quaestionem
1659 1807 1762 1840 hanc:

360 1893 465 1931 Quum
487 1893 521 1925 in
549 1894 742 1936 exponenda
779 1896 954 1940 leeologia
981 1896 1134 1930 Naturali
1166 1897 1293 1939 saepius
1315 1903 1505 1939 provocetur
1526 1895 1574 1927 ad
1602 1893 1775 1939 πρόληψιν,

402 1947 525 1986 ἔννοιαν,
545 1948 608 1980 sive
635 1951 912 1994 anticipationem,
933 1964 1017 1996 qaae
1034 1953 1181 1985 omnihus
1198 1955 1303 1984 Deum
1320 1964 1382 1984 esse
1393 1951 1608 1996 persuadeat‚·
1630 1969 1675 1978 -
1697 1949 1779 1994 quid

401 2008 521 2034 veteres
545 2005 694 2047 Epicurei
716 2014 750 2040 et
770 2010 869 2043 Stoici
899 2009 951 2042 lzis
981 2010 1109 2043 vocibus
1136 2008 1368 2048 intellexerint,-
1391 2027 1439 2045 -,
1463 2020 1527 2053 qao
1555 2019 1644 2041 sensa
1667 2007 1777 2049 lmjus-

1711 2073 1780 2094 mo·

1935 2018 1947 2423 ——ss———m
