1961 2438
667 109 1054 143 ORATIO.
1561 124 1605 160 ¹5

125 214 179 236 eos
206 202 397 247 probamus,
423 202 563 235 dicentes
590 202 735 246 Pythiam
764 204 957 236 sacerdotem
986 216 1065 237 auro
1087 212 1270 250 corruptam
1297 213 1328 238 et
1355 211 1496 240 coiictam
1521 208 1596 242 Phi-

124 261 214 304 lippo
244 261 359 292 favere.
405 261 491 291 Num
512 260 592 304 quid
617 260 764 292 meliores
788 260 920 293 fuerunt
948 270 1003 293 aut
1035 264 1266 306 sapientiores,
1294 264 1459 297 meliorem
1487 278 1598 310 quam-

124 320 174 349 vis
201 317 388 360 religionem
415 317 549 361 professi
579 318 761 361 principes,
789 319 846 361 qui
874 317 1036 350 fortunam
1065 320 1158 351 altius
1191 320 1350 365 altiusque
1379 330 1538 362 evectam,
1563 330 1596 356 et

123 373 164 406 ab
184 374 301 414 armis⁷
334 385 350 405 a
371 374 474 413 dolis,
505 386 522 406 a
546 377 659 417 vigore
681 374 892 418 pendentem,
917 382 1022 407 tamen
1051 376 1286 419 providentiam
1321 378 1464 412 divinam
1496 381 1594 412 inter-

123 430 331 474 pretabantur
343 431 358 462 Ξ)

169 486 336 530 lugebant
363 493 435 518 ante
455 487 514 519 hos
538 487 660 531 aliquot
683 499 786 520 annos
812 488 852 520 ad
878 495 1046 531 egestatem
1076 489 1218 521 redactae
1249 494 1412 530 nationes,
1438 492 1600 537 urbesque

123 551 156 577 et
173 554 271 588 pagos
298 543 381 575 bella
405 544 551 587 quotidie
576 543 710 577 funestis
735 545 886 577 domibus
911 546 1085 589 replebant.
1140 547 1189 585 1s,
1213 548 1247 579 in
1270 560 1336 592 quo
1358 556 1448 582 erant
1473 553 1601 591 omnia,

121 600 357 633 Providentiam
395 602 477 644 pilae
510 604 610 633 instar
640 601 762 634 habens
781 627 790 641 ‚
831 602 893 634 hoc
928 605 1061 634 nomine
1092 604 1231 647 populos
1269 605 1413 650 decipere
1449 607 1602 641 tentabat.-

120 659 217 691 Nunc
241 659 333 701 quasi
360 669 420 701 pro
440 658 576 701 imperio
601 658 720 697 edidit,
745 661 849 691 Deum
873 659 936 691 sibi
958 659 1082 691 dedisse
1098 667 1130 692 et
1152 661 1349 694 voluntatem
1370 670 1402 696 et
1419 664 1600 708 potentiam

120 715 277 759 regendae
295 714 474 758 Hispaniae.
524 717 619 747 Nunc
646 717 743 748 morti
772 717 957 760 proximus,
983 728 1086 759 eoque
1115 719 1221 750 verior
1249 720 1393 752 creditus
1418 721 1511 761 dux,
1542 731 1601 753 an-

120 784 182 805 nos
210 772 272 816 ipsi
294 773 485 804 vaticinatus
513 779 560 804 est
574 796 582 811 ,
604 784 687 816 quos
710 774 744 805 in
774 773 909 805 salutem
932 773 1046 804 mundi
1077 775 1222 807 victurus
1241 783 1322 808 esset
1341 778 1470 810 scilieet.

161 831 248 861 Deus
274 828 400 860 homini
423 829 489 871 jam
521 836 660 861 mentem
679 837 711 861 et
733 830 906 861 consilium
932 831 1101 873 eripuerat.
1149 832 1376 866 Excitabantur
1399 845 1438 866 ex
1467 840 1602 867 veterno

118 887 219 919 laesae
241 886 387 917 nationes
402 908 412 925 ,
435 893 567 928 eratque
596 887 630 917 in
660 887 751 917 terris
778 897 841 917 una
862 889 1011 918 omnium
1042 888 1204 919 bonorum
1233 900 1273 920 ae
1294 890 1503 933 prudentium
1528 893 1600 935 opi·

118 946 194 983 ni0‚
217 943 270 974 cui
295 943 443 985 opinioni
472 942 554 975 nihil
584 954 730 986 unquam
757 943 882 975 restitit.
927 945 1037 986 Itaque
1060 944 1279 977 Providentiae
1306 949 1364 978 iste
1386 947 1515 980 divinae
1538 958 1599 979 nor·

118 1011 194 1032 men
228 1009 388 1042 usurpans
409 1005 589 1039 tyrannus,
613 1000 671 1042 qui
703 999 802 1030 multa
833 1006 976 1030 veterum
1010 1000 1110 1042 facta,
1143 1012 1260 1044 paucas
1289 1005 1423 1036 virtutes
1451 1004 1602 1037 imitaba-

119 1063 190 1095 tur,
213 1062 341 1100 turpem
367 1053 475 1097 fugam
505 1056 612 1087 colore
629 1056 858 1088 Themistoclis
877 1057 1015 1089 ornavit.

138 1114 290 1146 'Utinam
319 1112 381 1144 hoc
404 1111 588 1156 exemplum
615 1113 796 1155 tyrannidis
823 1121 904 1145 esset
937 1121 1133 1153 extremum,
1157 1117 1251 1157 cujus
1278 1118 1433 1150 memoria
1460 1130 1498 1151 ex
1522 1121 1592 1152 ani-

115 1170 179 1202 mis
207 1180 320 1213 regum
347 1177 379 1201 et
403 1170 632 1213 imperatorum
658 1181 826 1213 nunqnam
853 1170 1024 1202 excideret!
1074 1173 1127 1203 Sic
1154 1172 1227 1211 fiet,
1252 1180 1288 1205 ut
1310 1185 1347 1205 ex
1373 1177 1494 1219 campis
1515 1178 1594 1220 Lip.

116 1227 276 1259 aiensibus
305 1232 336 1257 et
368 1225 565 1265 wastensis,
601 1237 683 1269 quos
716 1230 847 1270 sanguis
874 1234 906 1258 et
934 1227 1084 1259 cadavera
1113 1239 1277 1261 caesorum
1306 1242 1366 1274 pro
1394 1232 1538 1265 libertate
1557 1240 1592 1265 et

114 1286 269 1315 servitute
292 1283 438 1324 Europae
465 1282 667 1323 mortalium,
690 1283 791 1314 fecere
818 1284 954 1326 pingues
969 1307 977 1322 ,
1008 1284 1184 1317 efflorescat
1209 1286 1274 1318 fida
1305 1294 1336 1319 et
1364 1289 1486 1320 sincera
1511 1300 1591 1322 con-

115 1340 224 1373 cordia
239 1362 250 1379 ,
274 1338 452 1371 efflorescat
477 1350 551 1370 vera
575 1346 607 1371 et
634 1340 794 1372 moderata
818 1339 960 1372 libertas.

156 1397 217 1429 Sed
237 1396 332 1428 video
364 1396 445 1427 mihi
468 1397 640 1438 cogitanti,
663 1407 745 1440 quae
781 1400 846 1429 sint
877 1398 986 1443 officia
1019 1398 1157 1431 doctoris
1181 1399 1320 1433 historici
1351 1404 1383 1434 in
1405 1404 1589 1447 praecipua

114 1454 180 1497 lege
199 1453 430 1485 Providentiae
444 1456 586 1485 Dc'vz'nae
598 1454 822 1494 observanda,
847 1455 930 1487 idem
951 1455 1015 1487 fere
1039 1457 1199 1496 accidere,
1221 1458 1308 1501 quod
1329 1459 1395 1499 bis,
1418 1461 1474 1503 qui
1490 1472 1508 1491 a
1528 1469 1589 1492 ter·

113 1522 149 1542 ra
172 1512 208 1543 in
231 1510 331 1542 altum
353 1510 592 1553 provebuntur.
637 1512 712 1552 Quo
739 1512 810 1555 plus
831 1515 926 1556 spatii
953 1513 1109 1555 absolvo,
1141 1514 1202 1547 hoc
1231 1515 1302 1557 plus
1327 1527 1366 1547 ex
1396 1519 1485 1549 omni
1513 1528 1594 1560 pro*

113 1574 224 1611 spectu
247 1578 388 1599 crescere
413 1567 642 1610 animadverto.
687 1570 783 1601 Nunc
808 1571 905 1612 igitur
931 1571 1006 1602 satis
1037 1570 1182 1610 habebo,
1215 1575 1240 1604 si
1266 1583 1322 1604 vos
1348 1585 1408 1616 pro
1436 1574 1589 1606 humani·

110 1630 175 1656 tate
197 1630 323 1664 vestra,
345 1634 444 1667 quam
463 1625 612 1667 inprimis
637 1625 799 1669 imploro,
815 1628 905 1670 justo
930 1635 1075 1671 tempore
1098 1628 1340 1671 componendae
1370 1630 1586 1662 meditandae-

119 1691 184 1724 que
215 1681 390 1720 orationis,
421 1692 489 1712 non
516 1692 586 1713 mea
614 1682 726 1725 culpa,
751 1683 899 1716 exclusus
914 1708 924 1722 ‚
948 1685 1004 1715 sed
1028 1685 1102 1715 satis
1128 1684 1279 1723 habebo,
1303 1687 1330 1717 si
1356 1687 1515 1718 nonnulla
1535 1698 1591 1719 me

111 1737 323 1773 adumbrasse
344 1738 549 1776 existimetis,
574 1749 657 1781 quae
683 1739 838 1772 historico
864 1748 936 1773 ante
960 1741 1072 1772 oculos
1092 1741 1237 1772 habenda
1264 1753 1331 1773 esse
1355 1743 1553 1785 judicentur.

153 1796 218 1826 Aut
248 1795 336 1827 enim
360 1793 475 1833 fallor,
507 1801 562 1826 aut
590 1796 632 1826 ita
660 1795 717 1827 fiet
745 1796 876 1828 historia
904 1800 1025 1841 optima
1056 1799 1140 1829 vitae
1175 1800 1342 1842 magistra,
1366 1801 1393 1831 si
1419 1800 1590 1832 videamus

109 1850 194 1882 nihil
216 1861 292 1882 casu
313 1862 372 1882 nec
395 1851 517 1883 viribus
548 1853 634 1895 geri,
666 1859 698 1884 et
720 1855 825 1885 Deum
858 1855 967 1885 omnia
999 1854 1063 1886 fere
1096 1856 1129 1885 in
1166 1866 1280 1886 manus
1308 1857 1502 1899 populorum
1520 1868 1588 1901 po·

110 1908 228 1945 misse,
260 1909 286 1938 si
314 1906 512 1939 voluntatem
540 1908 626 1940 illius
654 1911 688 1941 in
719 1912 939 1942 monumentis
973 1922 1080 1942 rerum
1108 1919 1268 1954 gestarum
1299 1913 1486 1944 declaratam
1508 1924 1589 1946 con-¹

110 1963 217 1996 sulant
238 1965 332 2006 eique
357 1971 509 2006 pareant3
538 1966 722 1998 civitatibus
754 1974 894 2012 autem„
916 1967 1005 2010 quod
1035 1974 1067 1998 et
1101 1968 1188 2000 Plato
1216 1969 1359 2007 volebat,
1390 1981 1449 2001 nec
1474 1980 1590 2001 muros.

110 2031 170 2053 nec
190 2021 335 2051 triremes
355 2031 414 2050 nec
441 2021 564 2052 navalia
587 2033 645 2054 nec
668 2024 840 2055 hominum
860 2023 1072 2067 frequentiam
1090 2036 1149 2057 nec
1170 2025 1264 2059 aliam
1291 2027 1439 2071 quamvis
1461 2028 1584 2069 magni-

111 2075 256 2108 tudinem
284 2075 325 2108 ad
350 2087 460 2109 veram
486 2076 666 2112 felicitatem
694 2080 845 2124 prodesse
870 2082 940 2113 sine
967 2082 1100 2114 virtute.

1515 2139 1594 2181 Qua
