<?xml version="1.0" encoding="UTF-8"?>
<!DOCTYPE html PUBLIC "-//W3C//DTD XHTML 1.0 Transitional//EN"
    "http://www.w3.org/TR/xhtml1/DTD/xhtml1-transitional.dtd">
<html xmlns="http://www.w3.org/1999/xhtml" xml:lang="en" lang="en">
 <head>
  <title>
</title>
<meta http-equiv="Content-Type" content="text/html;charset=utf-8" />
  <meta name='ocr-system' content='tesseract 3.04.00' />
  <meta name='ocr-capabilities' content='ocr_page ocr_carea ocr_par ocr_line ocrx_word'/>
</head>
<body>
  <div class='ocr_page' id='page_1' title='image "annalesacademiae22rijk_0471.png"; bbox 0 0 1930 2448; ppageno 0'>
   <div class='ocr_carea' id='block_1_1' title="bbox 337 126 1569 170">
    <p class='ocr_par' dir='ltr' id='par_1_1' title="bbox 337 126 1569 170">
     <span class='ocr_line' id='line_1_1' title="bbox 337 126 1569 170; baseline -0.008 -5"><span class='ocrx_word' id='word_1_1' title='bbox 337 130 665 165; x_wconf 89' lang='lat' dir='ltr'><strong>COMMENTATIO</strong></span> <span class='ocrx_word' id='word_1_2' title='bbox 685 137 727 160; x_wconf 75' lang='lat' dir='ltr'>An</span> <span class='ocrx_word' id='word_1_3' title='bbox 748 127 1059 170; x_wconf 86' lang='lat' dir='ltr'><strong>QUAESTIONEM</strong></span> <span class='ocrx_word' id='word_1_4' title='bbox 1078 126 1292 159; x_wconf 84' lang='lat' dir='ltr'>MEDICAM.</span> <span class='ocrx_word' id='word_1_5' title='bbox 1526 134 1569 166; x_wconf 87' lang='lat'>99</span> 
     </span>
    </p>
   </div>
   <div class='ocr_carea' id='block_1_2' title="bbox 170 234 1447 284">
    <p class='ocr_par' dir='ltr' id='par_1_2' title="bbox 170 234 1447 284">
     <span class='ocr_line' id='line_1_2' title="bbox 170 234 1447 284; baseline -0.009 -8"><span class='ocrx_word' id='word_1_6' title='bbox 170 247 201 284; x_wconf 82' lang='lat'>§.</span> <span class='ocrx_word' id='word_1_7' title='bbox 222 252 251 282; x_wconf 79' lang='grc'>3.</span> <span class='ocrx_word' id='word_1_8' title='bbox 275 243 337 273; x_wconf 76' lang='lat' dir='ltr'>De</span> <span class='ocrx_word' id='word_1_9' title='bbox 355 242 451 281; x_wconf 82' lang='lat' dir='ltr'>modo,</span> <span class='ocrx_word' id='word_1_10' title='bbox 473 253 543 282; x_wconf 79' lang='lat' dir='ltr'>quo,</span> <span class='ocrx_word' id='word_1_11' title='bbox 564 241 776 281; x_wconf 77' lang='lat' dir='ltr'>suppurationis</span> <span class='ocrx_word' id='word_1_12' title='bbox 796 246 860 278; x_wconf 79' lang='lat' dir='ltr'>ope,</span> <span class='ocrx_word' id='word_1_13' title='bbox 880 238 1051 276; x_wconf 67' lang='lat' dir='ltr'>junguntur</span> <span class='ocrx_word' id='word_1_14' title='bbox 1066 243 1166 277; x_wconf 79' lang='lat' dir='ltr'>partes</span> <span class='ocrx_word' id='word_1_15' title='bbox 1187 236 1278 266; x_wconf 76' lang='lat' dir='ltr'>laesae</span> <span class='ocrx_word' id='word_1_16' title='bbox 1297 234 1447 265; x_wconf 81' lang='lat' dir='ltr'><em>molliores.</em></span> 
     </span>
    </p>
   </div>
   <div class='ocr_carea' id='block_1_3' title="bbox 31 312 1582 2008">
    <p class='ocr_par' dir='ltr' id='par_1_3' title="bbox 52 312 1573 772">
     <span class='ocr_line' id='line_1_3' title="bbox 92 312 1571 358; baseline -0.009 -5"><span class='ocrx_word' id='word_1_17' title='bbox 92 324 128 355; x_wconf 87' lang='lat' dir='ltr'>In</span> <span class='ocrx_word' id='word_1_18' title='bbox 151 323 290 358; x_wconf 83' lang='lat' dir='ltr'>vulnere,</span> <span class='ocrx_word' id='word_1_19' title='bbox 323 321 402 358; x_wconf 89' lang='lat' dir='ltr'>quod</span> <span class='ocrx_word' id='word_1_20' title='bbox 427 320 554 358; x_wconf 82' lang='lat' dir='ltr'>simplici</span> <span class='ocrx_word' id='word_1_21' title='bbox 581 320 722 349; x_wconf 71' lang='lat' dir='ltr'>reim-ione</span> <span class='ocrx_word' id='word_1_22' title='bbox 749 315 935 352; x_wconf 86' lang='lat' dir='ltr'>redintegrari</span> <span class='ocrx_word' id='word_1_23' title='bbox 960 324 1020 345; x_wconf 90' lang='lat' dir='ltr'>non</span> <span class='ocrx_word' id='word_1_24' title='bbox 1046 321 1177 352; x_wconf 84' lang='lat' dir='ltr'>poterat,</span> <span class='ocrx_word' id='word_1_25' title='bbox 1204 314 1263 343; x_wconf 90' lang='lat' dir='ltr'>duo</span> <span class='ocrx_word' id='word_1_26' title='bbox 1291 313 1448 343; x_wconf 81' lang='lat' dir='ltr'>attentione</span> <span class='ocrx_word' id='word_1_27' title='bbox 1469 312 1571 342; x_wconf 64' lang='lat' dir='ltr'>nostra</span> 
     </span>
     <span class='ocr_line' id='line_1_4' title="bbox 52 363 1571 415; baseline -0.008 -11"><span class='ocrx_word' id='word_1_28' title='bbox 52 374 239 415; x_wconf 83' lang='lat' dir='ltr'>dignissima,</span> <span class='ocrx_word' id='word_1_29' title='bbox 260 382 311 411; x_wconf 91' lang='lat' dir='ltr'>per</span> <span class='ocrx_word' id='word_1_30' title='bbox 338 373 527 403; x_wconf 88' lang='lat' dir='ltr'>intentionem</span> <span class='ocrx_word' id='word_1_31' title='bbox 553 372 682 402; x_wconf 84' lang='lat' dir='ltr'>Naturae</span> <span class='ocrx_word' id='word_1_32' title='bbox 710 367 926 403; x_wconf 79' lang='lat' dir='ltr'><strong>secundariam,</strong></span> <span class='ocrx_word' id='word_1_33' title='bbox 948 366 1111 395; x_wconf 84' lang='lat' dir='ltr'>formantur</span> <span class='ocrx_word' id='word_1_34' title='bbox 1137 375 1280 403; x_wconf 87' lang='lat' dir='ltr'>corpora,</span> <span class='ocrx_word' id='word_1_35' title='bbox 1311 366 1464 395; x_wconf 87' lang='lat' dir='ltr'>caruncula</span> <span class='ocrx_word' id='word_1_36' title='bbox 1486 363 1571 394; x_wconf 89' lang='lat' dir='ltr'>nimi-</span> 
     </span>
     <span class='ocr_line' id='line_1_5' title="bbox 54 417 1570 464; baseline -0.007 -8"><span class='ocrx_word' id='word_1_37' title='bbox 54 435 117 456; x_wconf 81' lang='lat' dir='ltr'>rum</span> <span class='ocrx_word' id='word_1_38' title='bbox 145 433 174 455; x_wconf 83' lang='lat' dir='ltr'>et</span> <span class='ocrx_word' id='word_1_39' title='bbox 193 435 264 463; x_wconf 90' lang='lat' dir='ltr'>pus.</span> <span class='ocrx_word' id='word_1_40' title='bbox 305 425 452 464; x_wconf 82' lang='lat' dir='ltr'><strong>Quaenam</strong></span> <span class='ocrx_word' id='word_1_41' title='bbox 477 424 553 453; x_wconf 88' lang='lat' dir='ltr'>inter</span> <span class='ocrx_word' id='word_1_42' title='bbox 577 429 735 457; x_wconf 88' lang='lat' dir='ltr'>utrumque</span> <span class='ocrx_word' id='word_1_43' title='bbox 754 421 812 449; x_wconf 89' lang='lat' dir='ltr'>hoc</span> <span class='ocrx_word' id='word_1_44' title='bbox 831 427 938 455; x_wconf 88' lang='lat' dir='ltr'>corpus</span> <span class='ocrx_word' id='word_1_45' title='bbox 955 418 1084 447; x_wconf 90' lang='lat' dir='ltr'>obtineat</span> <span class='ocrx_word' id='word_1_46' title='bbox 1100 418 1192 453; x_wconf 87' lang='lat' dir='ltr'>ratio,</span> <span class='ocrx_word' id='word_1_47' title='bbox 1218 420 1274 456; x_wconf 85' lang='lat' dir='ltr'>J&#39;am</span> <span class='ocrx_word' id='word_1_48' title='bbox 1298 418 1327 447; x_wconf 90' lang='lat' dir='ltr'>in</span> <span class='ocrx_word' id='word_1_49' title='bbox 1352 417 1533 455; x_wconf 79' lang='lat' dir='ltr'>praecedenti</span> <span class='ocrx_word' id='word_1_50' title='bbox 1554 418 1570 453; x_wconf 83' lang='lat'>§</span> 
     </span>
     <span class='ocr_line' id='line_1_6' title="bbox 52 469 1570 515; baseline -0.007 -8"><span class='ocrx_word' id='word_1_51' title='bbox 52 478 197 515; x_wconf 81' lang='lat' dir='ltr'>explicare</span> <span class='ocrx_word' id='word_1_52' title='bbox 223 476 320 507; x_wconf 85' lang='lat' dir='ltr'>conati</span> <span class='ocrx_word' id='word_1_53' title='bbox 348 485 469 512; x_wconf 86' lang='lat' dir='ltr'>sumus,</span> <span class='ocrx_word' id='word_1_54' title='bbox 490 474 541 504; x_wconf 87' lang='lat' dir='ltr'>ubi</span> <span class='ocrx_word' id='word_1_55' title='bbox 567 474 602 503; x_wconf 88' lang='lat' dir='ltr'>de</span> <span class='ocrx_word' id='word_1_56' title='bbox 626 473 707 511; x_wconf 89' lang='lat' dir='ltr'>puris</span> <span class='ocrx_word' id='word_1_57' title='bbox 735 473 765 501; x_wconf 93' lang='lat' dir='ltr'>in</span> <span class='ocrx_word' id='word_1_58' title='bbox 788 470 959 501; x_wconf 85' lang='lat' dir='ltr'>vulneribus</span> <span class='ocrx_word' id='word_1_59' title='bbox 983 469 1120 507; x_wconf 79' lang='lat' dir='ltr'>dignitate</span> <span class='ocrx_word' id='word_1_60' title='bbox 1146 478 1240 499; x_wconf 88' lang='lat' dir='ltr'>sermo</span> <span class='ocrx_word' id='word_1_61' title='bbox 1269 476 1348 499; x_wconf 89' lang='lat' dir='ltr'>erat:</span> <span class='ocrx_word' id='word_1_62' title='bbox 1370 478 1448 498; x_wconf 91' lang='lat' dir='ltr'>nunc</span> <span class='ocrx_word' id='word_1_63' title='bbox 1472 469 1570 504; x_wconf 84' lang='lat' dir='ltr'>itaque</span> 
     </span>
     <span class='ocr_line' id='line_1_7' title="bbox 52 520 1569 566; baseline -0.007 -7"><span class='ocrx_word' id='word_1_64' title='bbox 52 529 89 558; x_wconf 92' lang='lat' dir='ltr'>de</span> <span class='ocrx_word' id='word_1_65' title='bbox 109 529 173 566; x_wconf 74' lang='lat' dir='ltr'>ipsa</span> <span class='ocrx_word' id='word_1_66' title='bbox 198 529 353 558; x_wconf 75' lang='lat' dir='ltr'>caruncula</span> <span class='ocrx_word' id='word_1_67' title='bbox 380 533 424 556; x_wconf 89' lang='lat' dir='ltr'>est</span> <span class='ocrx_word' id='word_1_68' title='bbox 450 526 624 561; x_wconf 90' lang='lat' dir='ltr'>dicendum,</span> <span class='ocrx_word' id='word_1_69' title='bbox 652 525 674 554; x_wconf 87' lang='lat' dir='ltr'>i.</span> <span class='ocrx_word' id='word_1_70' title='bbox 694 533 720 554; x_wconf 90' lang='lat' dir='ltr'>e.</span> <span class='ocrx_word' id='word_1_71' title='bbox 747 524 850 553; x_wconf 88' lang='lat' dir='ltr'>modus</span> <span class='ocrx_word' id='word_1_72' title='bbox 875 529 919 551; x_wconf 82' lang='lat' dir='ltr'>est</span> <span class='ocrx_word' id='word_1_73' title='bbox 947 521 1156 558; x_wconf 85' lang='lat' dir='ltr'>explicandus,</span> <span class='ocrx_word' id='word_1_74' title='bbox 1178 530 1237 557; x_wconf 89' lang='lat' dir='ltr'>quo</span> <span class='ocrx_word' id='word_1_75' title='bbox 1264 522 1418 550; x_wconf 79' lang='lat' dir='ltr'>caruncula</span> <span class='ocrx_word' id='word_1_76' title='bbox 1443 520 1569 556; x_wconf 88' lang='lat' dir='ltr'>oriatur,</span> 
     </span>
     <span class='ocr_line' id='line_1_8' title="bbox 54 571 1571 617; baseline -0.008 -6"><span class='ocrx_word' id='word_1_77' title='bbox 54 587 83 610; x_wconf 87' lang='lat' dir='ltr'>et</span> <span class='ocrx_word' id='word_1_78' title='bbox 106 590 164 617; x_wconf 90' lang='lat' dir='ltr'>quo</span> <span class='ocrx_word' id='word_1_79' title='bbox 192 581 305 610; x_wconf 88' lang='lat' dir='ltr'>Natura</span> <span class='ocrx_word' id='word_1_80' title='bbox 328 579 378 608; x_wconf 75' lang='lat' dir='ltr'>ina</span> <span class='ocrx_word' id='word_1_81' title='bbox 397 584 495 607; x_wconf 89' lang='lat' dir='ltr'>utatur</span> <span class='ocrx_word' id='word_1_82' title='bbox 518 577 548 607; x_wconf 88' lang='lat' dir='ltr'>in</span> <span class='ocrx_word' id='word_1_83' title='bbox 567 576 698 614; x_wconf 75' lang='lat' dir='ltr'>partibus</span> <span class='ocrx_word' id='word_1_84' title='bbox 719 573 901 604; x_wconf 82' lang='lat' dir='ltr'>mollioribus</span> <span class='ocrx_word' id='word_1_85' title='bbox 921 573 1144 610; x_wconf 81' lang='lat' dir='ltr'>redintegrandis</span> <span class='ocrx_word' id='word_1_86' title='bbox 1164 579 1192 601; x_wconf 89' lang='lat' dir='ltr'>et</span> <span class='ocrx_word' id='word_1_87' title='bbox 1215 571 1414 603; x_wconf 86' lang='lat' dir='ltr'>restituendis.</span> <span class='ocrx_word' id='word_1_88' title='bbox 1457 572 1571 601; x_wconf 87' lang='lat' dir='ltr'>Carun-</span> 
     </span>
     <span class='ocr_line' id='line_1_9' title="bbox 56 623 1571 669; baseline -0.007 -7"><span class='ocrx_word' id='word_1_89' title='bbox 56 634 142 668; x_wconf 92' lang='lat' dir='ltr'>cula,</span> <span class='ocrx_word' id='word_1_90' title='bbox 166 641 249 668; x_wconf 80' lang='lat' dir='ltr'>quam</span> <span class='ocrx_word' id='word_1_91' title='bbox 265 633 322 669; x_wconf 88' lang='lat' dir='ltr'>jam</span> <span class='ocrx_word' id='word_1_92' title='bbox 339 629 451 667; x_wconf 84' lang='lat' dir='ltr'>egregie</span> <span class='ocrx_word' id='word_1_93' title='bbox 468 628 657 666; x_wconf 81' lang='lat' dir='ltr'>descripsisse</span> <span class='ocrx_word' id='word_1_94' title='bbox 673 628 792 658; x_wconf 85' lang='lat' dir='ltr'>Celsum</span> <span class='ocrx_word' id='word_1_95' title='bbox 810 631 893 654; x_wconf 86' lang='lat' dir='ltr'>antea</span> <span class='ocrx_word' id='word_1_96' title='bbox 911 624 1118 661; x_wconf 79' lang='lat' dir='ltr'>indicavimus,</span> <span class='ocrx_word' id='word_1_97' title='bbox 1139 624 1211 654; x_wconf 89' lang='lat' dir='ltr'>nihil</span> <span class='ocrx_word' id='word_1_98' title='bbox 1227 624 1304 653; x_wconf 86' lang='lat' dir='ltr'>aliud</span> <span class='ocrx_word' id='word_1_99' title='bbox 1325 630 1388 660; x_wconf 85' lang='lat' dir='ltr'>est,</span> <span class='ocrx_word' id='word_1_100' title='bbox 1411 623 1436 653; x_wconf 94' lang='lat' dir='ltr'>si</span> <span class='ocrx_word' id='word_1_101' title='bbox 1459 624 1493 652; x_wconf 87' lang='lat' dir='ltr'>ad</span> <span class='ocrx_word' id='word_1_102' title='bbox 1509 624 1571 661; x_wconf 87' lang='lat' dir='ltr'>ejus</span> 
     </span>
     <span class='ocr_line' id='line_1_10' title="bbox 52 676 1572 718; baseline -0.007 -5"><span class='ocrx_word' id='word_1_103' title='bbox 52 690 150 717; x_wconf 81' lang='lat' dir='ltr'>ortum</span> <span class='ocrx_word' id='word_1_104' title='bbox 174 683 373 718; x_wconf 87' lang='lat' dir='ltr'>attendamus,</span> <span class='ocrx_word' id='word_1_105' title='bbox 398 690 482 717; x_wconf 89' lang='lat' dir='ltr'>quam</span> <span class='ocrx_word' id='word_1_106' title='bbox 506 681 568 718; x_wconf 89' lang='lat' dir='ltr'>ipsa</span> <span class='ocrx_word' id='word_1_107' title='bbox 591 681 640 709; x_wconf 88' lang='lat' dir='ltr'>illa</span> <span class='ocrx_word' id='word_1_108' title='bbox 667 678 793 716; x_wconf 42' lang='lat' dir='ltr'>lympha*</span> <span class='ocrx_word' id='word_1_109' title='bbox 813 676 1019 713; x_wconf 79' lang='lat' dir='ltr'>coagulabilis,</span> <span class='ocrx_word' id='word_1_110' title='bbox 1050 685 1134 712; x_wconf 91' lang='lat' dir='ltr'>quam</span> <span class='ocrx_word' id='word_1_111' title='bbox 1159 676 1273 713; x_wconf 86' lang='lat' dir='ltr'>saepius</span> <span class='ocrx_word' id='word_1_112' title='bbox 1298 676 1521 712; x_wconf 78' lang='lat' dir='ltr'>descripsimus,</span> <span class='ocrx_word' id='word_1_113' title='bbox 1544 680 1572 703; x_wconf 84' lang='lat' dir='ltr'>et</span> 
     </span>
     <span class='ocr_line' id='line_1_11' title="bbox 52 724 1573 772; baseline -0.006 -7"><span class='ocrx_word' id='word_1_114' title='bbox 52 735 137 772; x_wconf 88' lang='lat' dir='ltr'>cujus</span> <span class='ocrx_word' id='word_1_115' title='bbox 163 733 351 764; x_wconf 82' lang='lat' dir='ltr'>secretionem</span> <span class='ocrx_word' id='word_1_116' title='bbox 376 724 606 763; x_wconf 46' lang='lat' dir='ltr'>in⁴vulneribus</span> <span class='ocrx_word' id='word_1_117' title='bbox 633 729 862 768; x_wconf 84' lang='lat' dir='ltr'>suppurantibus</span> <span class='ocrx_word' id='word_1_118' title='bbox 890 738 1008 765; x_wconf 86' lang='lat' dir='ltr'>quoque</span> <span class='ocrx_word' id='word_1_119' title='bbox 1031 730 1128 758; x_wconf 89' lang='lat' dir='ltr'>locum</span> <span class='ocrx_word' id='word_1_120' title='bbox 1151 728 1275 764; x_wconf 89' lang='lat' dir='ltr'>habere,</span> <span class='ocrx_word' id='word_1_121' title='bbox 1309 737 1344 757; x_wconf 88' lang='lat' dir='ltr'>ex</span> <span class='ocrx_word' id='word_1_122' title='bbox 1367 728 1492 757; x_wconf 90' lang='lat' dir='ltr'>Hunteri</span> <span class='ocrx_word' id='word_1_123' title='bbox 1519 728 1573 755; x_wconf 90' lang='lat' dir='ltr'>ob-</span> 
     </span>
    </p>

    <p class='ocr_par' dir='ltr' id='par_1_4' title="bbox 31 778 1576 1075">
     <span class='ocr_line' id='line_1_12' title="bbox 31 778 1572 823; baseline -0.006 -7"><span class='ocrx_word' id='word_1_124' title='bbox 31 814 38 815; x_wconf 33' lang='lat'>,</span> <span class='ocrx_word' id='word_1_125' title='bbox 54 786 218 816; x_wconf 75' lang='lat' dir='ltr'>servatIOne</span> <span class='ocrx_word' id='word_1_126' title='bbox 241 785 443 823; x_wconf 85' lang='lat' dir='ltr'>probavimus.</span> <span class='ocrx_word' id='word_1_127' title='bbox 495 784 621 820; x_wconf 87' lang='lat' dir='ltr'>Vascula</span> <span class='ocrx_word' id='word_1_128' title='bbox 644 782 799 817; x_wconf 84' lang='lat' dir='ltr'>nimirum,</span> <span class='ocrx_word' id='word_1_129' title='bbox 826 780 926 809; x_wconf 88' lang='lat' dir='ltr'>talium</span> <span class='ocrx_word' id='word_1_130' title='bbox 950 782 1103 810; x_wconf 87' lang='lat' dir='ltr'>vulnerum</span> <span class='ocrx_word' id='word_1_131' title='bbox 1127 780 1202 810; x_wconf 87' lang='lat' dir='ltr'>labia</span> <span class='ocrx_word' id='word_1_132' title='bbox 1230 779 1443 817; x_wconf 82' lang='lat' dir='ltr'>perreptantia,</span> <span class='ocrx_word' id='word_1_133' title='bbox 1473 778 1572 808; x_wconf 88' lang='lat' dir='ltr'>eodem</span> 
     </span>
     <span class='ocr_line' id='line_1_13' title="bbox 52 833 1576 876; baseline -0.005 -8"><span class='ocrx_word' id='word_1_134' title='bbox 52 840 138 876; x_wconf 87' lang='lat' dir='ltr'>plane</span> <span class='ocrx_word' id='word_1_135' title='bbox 162 838 248 867; x_wconf 90' lang='lat' dir='ltr'>modo</span> <span class='ocrx_word' id='word_1_136' title='bbox 272 837 418 874; x_wconf 83' lang='lat' dir='ltr'>lympham</span> <span class='ocrx_word' id='word_1_137' title='bbox 443 841 598 865; x_wconf 88' lang='lat' dir='ltr'>secernunt</span> <span class='ocrx_word' id='word_1_138' title='bbox 622 834 856 871; x_wconf 86' lang='lat' dir='ltr'>coagulabilem,</span> <span class='ocrx_word' id='word_1_139' title='bbox 885 843 962 871; x_wconf 90' lang='lat' dir='ltr'>quo,</span> <span class='ocrx_word' id='word_1_140' title='bbox 990 835 1021 865; x_wconf 90' lang='lat' dir='ltr'>in</span> <span class='ocrx_word' id='word_1_141' title='bbox 1045 843 1146 864; x_wconf 86' lang='lat' dir='ltr'>recens</span> <span class='ocrx_word' id='word_1_142' title='bbox 1170 834 1253 864; x_wconf 88' lang='lat' dir='ltr'>factis</span> <span class='ocrx_word' id='word_1_143' title='bbox 1273 833 1443 864; x_wconf 86' lang='lat' dir='ltr'>vulneribus</span> <span class='ocrx_word' id='word_1_144' title='bbox 1472 839 1499 861; x_wconf 88' lang='lat' dir='ltr'>et</span> <span class='ocrx_word' id='word_1_145' title='bbox 1523 840 1576 869; x_wconf 83' lang='lat' dir='ltr'>per</span> 
     </span>
     <span class='ocr_line' id='line_1_14' title="bbox 51 883 1574 928; baseline -0.006 -8"><span class='ocrx_word' id='word_1_146' title='bbox 51 890 214 928; x_wconf 79' lang='lat' dir='ltr'>simplicem</span> <span class='ocrx_word' id='word_1_147' title='bbox 241 890 379 920; x_wconf 82' lang='lat' dir='ltr'>unionem</span> <span class='ocrx_word' id='word_1_148' title='bbox 406 888 652 926; x_wconf 80' lang='lat' dir='ltr'>redintegrandis,</span> <span class='ocrx_word' id='word_1_149' title='bbox 674 888 730 916; x_wconf 91' lang='lat' dir='ltr'>hoc</span> <span class='ocrx_word' id='word_1_150' title='bbox 755 886 817 916; x_wconf 87' lang='lat' dir='ltr'>fieri</span> <span class='ocrx_word' id='word_1_151' title='bbox 841 886 977 916; x_wconf 84' lang='lat' dir='ltr'>diximus.</span> <span class='ocrx_word' id='word_1_152' title='bbox 1018 887 1125 923; x_wconf 89' lang='lat' dir='ltr'>Neque</span> <span class='ocrx_word' id='word_1_153' title='bbox 1148 893 1242 916; x_wconf 83' lang='lat' dir='ltr'>tamen</span> <span class='ocrx_word' id='word_1_154' title='bbox 1263 885 1434 915; x_wconf 88' lang='lat' dir='ltr'>credendum</span> <span class='ocrx_word' id='word_1_155' title='bbox 1459 890 1521 919; x_wconf 90' lang='lat' dir='ltr'>est,</span> <span class='ocrx_word' id='word_1_156' title='bbox 1543 883 1574 912; x_wconf 90' lang='lat' dir='ltr'>in</span> 
     </span>
     <span class='ocr_line' id='line_1_15' title="bbox 54 934 1571 978; baseline -0.005 -7"><span class='ocrx_word' id='word_1_157' title='bbox 54 941 188 971; x_wconf 84' lang='lat' dir='ltr'>omnibus</span> <span class='ocrx_word' id='word_1_158' title='bbox 214 943 299 978; x_wconf 81' lang='lat' dir='ltr'>plane</span> <span class='ocrx_word' id='word_1_159' title='bbox 327 941 484 971; x_wconf 86' lang='lat' dir='ltr'>convenire</span> <span class='ocrx_word' id='word_1_160' title='bbox 508 941 640 978; x_wconf 85' lang='lat' dir='ltr'>lymphae</span> <span class='ocrx_word' id='word_1_161' title='bbox 665 940 754 977; x_wconf 87' lang='lat' dir='ltr'>hujus</span> <span class='ocrx_word' id='word_1_162' title='bbox 780 939 989 976; x_wconf 84' lang='lat' dir='ltr'>coagulabilis,</span> <span class='ocrx_word' id='word_1_163' title='bbox 1020 939 1051 968; x_wconf 93' lang='lat' dir='ltr'>in</span> <span class='ocrx_word' id='word_1_164' title='bbox 1077 937 1210 974; x_wconf 87' lang='lat' dir='ltr'>utrisque</span> <span class='ocrx_word' id='word_1_165' title='bbox 1235 939 1391 967; x_wconf 85' lang='lat' dir='ltr'>vulnerum</span> <span class='ocrx_word' id='word_1_166' title='bbox 1418 934 1571 972; x_wconf 88' lang='lat' dir='ltr'>speciebus</span> 
     </span>
     <span class='ocr_line' id='line_1_16' title="bbox 50 988 1575 1026; baseline -0.005 -3"><span class='ocrx_word' id='word_1_167' title='bbox 50 994 243 1023; x_wconf 79' lang='lat' dir='ltr'>secretionem</span> <span class='ocrx_word' id='word_1_168' title='bbox 267 1001 295 1023; x_wconf 88' lang='lat' dir='ltr'>et</span> <span class='ocrx_word' id='word_1_169' title='bbox 318 993 541 1023; x_wconf 86' lang='lat' dir='ltr'>formationem:</span> <span class='ocrx_word' id='word_1_170' title='bbox 572 1002 587 1022; x_wconf 93' lang='lat' dir='ltr'>e</span> <span class='ocrx_word' id='word_1_171' title='bbox 610 993 711 1023; x_wconf 73' lang='lat' dir='ltr'>nostra</span> <span class='ocrx_word' id='word_1_172' title='bbox 737 991 812 1021; x_wconf 85' lang='lat' dir='ltr'>enim</span> <span class='ocrx_word' id='word_1_173' title='bbox 843 990 1004 1026; x_wconf 77' lang='lat' dir='ltr'>sententia,</span> <span class='ocrx_word' id='word_1_174' title='bbox 1034 990 1200 1026; x_wconf 86' lang='lat' dir='ltr'>sequentia,</span> <span class='ocrx_word' id='word_1_175' title='bbox 1235 989 1314 1026; x_wconf 89' lang='lat' dir='ltr'>quod</span> <span class='ocrx_word' id='word_1_176' title='bbox 1338 989 1374 1018; x_wconf 89' lang='lat' dir='ltr'>ad</span> <span class='ocrx_word' id='word_1_177' title='bbox 1397 988 1470 1017; x_wconf 88' lang='lat' dir='ltr'>hanc</span> <span class='ocrx_word' id='word_1_178' title='bbox 1495 995 1575 1023; x_wconf 87' lang='lat' dir='ltr'>rem,</span> 
     </span>
     <span class='ocr_line' id='line_1_17' title="bbox 52 1045 348 1075; baseline 0 0"><span class='ocrx_word' id='word_1_179' title='bbox 52 1046 177 1075; x_wconf 84' lang='lat' dir='ltr'>notanda</span> <span class='ocrx_word' id='word_1_180' title='bbox 202 1045 348 1075; x_wconf 89' lang='lat' dir='ltr'>videntur.</span> 
     </span>
    </p>

    <p class='ocr_par' dir='ltr' id='par_1_5' title="bbox 53 1091 1575 1280">
     <span class='ocr_line' id='line_1_18' title="bbox 95 1091 1574 1133; baseline -0.005 -7"><span class='ocrx_word' id='word_1_181' title='bbox 95 1106 123 1126; x_wconf 87' lang='lat'>1.</span> <span class='ocrx_word' id='word_1_182' title='bbox 154 1097 187 1125; x_wconf 91' lang='lat' dir='ltr'>In</span> <span class='ocrx_word' id='word_1_183' title='bbox 211 1097 401 1133; x_wconf 87' lang='lat' dir='ltr'>vulneribus,</span> <span class='ocrx_word' id='word_1_184' title='bbox 425 1105 497 1133; x_wconf 87' lang='lat' dir='ltr'>quae</span> <span class='ocrx_word' id='word_1_185' title='bbox 521 1105 574 1133; x_wconf 89' lang='lat' dir='ltr'>per</span> <span class='ocrx_word' id='word_1_186' title='bbox 595 1096 785 1125; x_wconf 87' lang='lat' dir='ltr'>intentionem</span> <span class='ocrx_word' id='word_1_187' title='bbox 809 1094 971 1132; x_wconf 81' lang='lat' dir='ltr'>primarIam</span> <span class='ocrx_word' id='word_1_188' title='bbox 998 1100 1154 1130; x_wconf 82' lang='lat' dir='ltr'>sanantur,</span> <span class='ocrx_word' id='word_1_189' title='bbox 1182 1093 1297 1130; x_wconf 80' lang='lat' dir='ltr'>omnia,</span> <span class='ocrx_word' id='word_1_190' title='bbox 1321 1101 1392 1128; x_wconf 87' lang='lat' dir='ltr'>quae</span> <span class='ocrx_word' id='word_1_191' title='bbox 1415 1092 1445 1121; x_wconf 89' lang='lat' dir='ltr'>in</span> <span class='ocrx_word' id='word_1_192' title='bbox 1472 1091 1574 1120; x_wconf 84' lang='lat' dir='ltr'>vulne-</span> 
     </span>
     <span class='ocr_line' id='line_1_19' title="bbox 54 1144 1575 1185; baseline -0.005 -8"><span class='ocrx_word' id='word_1_193' title='bbox 54 1147 95 1177; x_wconf 84' lang='lat' dir='ltr'>ris</span> <span class='ocrx_word' id='word_1_194' title='bbox 113 1147 223 1177; x_wconf 87' lang='lat' dir='ltr'>ambitu</span> <span class='ocrx_word' id='word_1_195' title='bbox 237 1147 374 1184; x_wconf 81' lang='lat' dir='ltr'>haerent,</span> <span class='ocrx_word' id='word_1_196' title='bbox 395 1157 464 1177; x_wconf 88' lang='lat' dir='ltr'>vasa</span> <span class='ocrx_word' id='word_1_197' title='bbox 482 1148 629 1185; x_wconf 88' lang='lat' dir='ltr'>lympham</span> <span class='ocrx_word' id='word_1_198' title='bbox 648 1147 855 1184; x_wconf 86' lang='lat' dir='ltr'>coagulabilem</span> <span class='ocrx_word' id='word_1_199' title='bbox 875 1153 1048 1182; x_wconf 86' lang='lat' dir='ltr'>secernunt,</span> <span class='ocrx_word' id='word_1_200' title='bbox 1069 1147 1137 1175; x_wconf 89' lang='lat' dir='ltr'>dum</span> <span class='ocrx_word' id='word_1_201' title='bbox 1152 1152 1252 1175; x_wconf 86' lang='lat' dir='ltr'>contra</span> <span class='ocrx_word' id='word_1_202' title='bbox 1268 1145 1298 1175; x_wconf 87' lang='lat' dir='ltr'>in</span> <span class='ocrx_word' id='word_1_203' title='bbox 1317 1144 1486 1175; x_wconf 85' lang='lat' dir='ltr'>vulneribus</span> <span class='ocrx_word' id='word_1_204' title='bbox 1505 1153 1575 1180; x_wconf 85' lang='lat' dir='ltr'>sup-</span> 
     </span>
     <span class='ocr_line' id='line_1_20' title="bbox 53 1196 1573 1236; baseline -0.001 -9"><span class='ocrx_word' id='word_1_205' title='bbox 53 1198 246 1234; x_wconf 77' lang='lat' dir='ltr'>puranthus,</span> <span class='ocrx_word' id='word_1_206' title='bbox 273 1205 323 1228; x_wconf 91' lang='lat' dir='ltr'>aut</span> <span class='ocrx_word' id='word_1_207' title='bbox 346 1198 512 1236; x_wconf 84' lang='lat' dir='ltr'>ulceribus,</span> <span class='ocrx_word' id='word_1_208' title='bbox 542 1199 595 1229; x_wconf 90' lang='lat' dir='ltr'>alia</span> <span class='ocrx_word' id='word_1_209' title='bbox 617 1207 685 1229; x_wconf 89' lang='lat' dir='ltr'>vasa</span> <span class='ocrx_word' id='word_1_210' title='bbox 708 1199 774 1235; x_wconf 87' lang='lat' dir='ltr'>puri</span> <span class='ocrx_word' id='word_1_211' title='bbox 797 1199 992 1236; x_wconf 81' lang='lat' dir='ltr'>secernendo,</span> <span class='ocrx_word' id='word_1_212' title='bbox 1015 1198 1068 1228; x_wconf 88' lang='lat' dir='ltr'>alia</span> <span class='ocrx_word' id='word_1_213' title='bbox 1091 1197 1225 1235; x_wconf 86' lang='lat' dir='ltr'>lymphae</span> <span class='ocrx_word' id='word_1_214' title='bbox 1249 1196 1387 1235; x_wconf 85' lang='lat' dir='ltr'>plasticae</span> <span class='ocrx_word' id='word_1_215' title='bbox 1408 1196 1573 1226; x_wconf 77' lang='lat' dir='ltr'>formandae</span> 
     </span>
     <span class='ocr_line' id='line_1_21' title="bbox 53 1248 364 1280; baseline 0.01 -3"><span class='ocrx_word' id='word_1_216' title='bbox 53 1248 194 1278; x_wconf 85' lang='lat' dir='ltr'>inservire</span> <span class='ocrx_word' id='word_1_217' title='bbox 217 1249 364 1280; x_wconf 85' lang='lat' dir='ltr'>videntur.</span> 
     </span>
    </p>

    <p class='ocr_par' dir='ltr' id='par_1_6' title="bbox 52 1300 1577 1546">
     <span class='ocr_line' id='line_1_22' title="bbox 92 1300 1577 1341; baseline -0.001 -11"><span class='ocrx_word' id='word_1_218' title='bbox 92 1310 123 1330; x_wconf 82' lang='lat'>2.</span> <span class='ocrx_word' id='word_1_219' title='bbox 156 1301 191 1331; x_wconf 89' lang='lat' dir='ltr'>In</span> <span class='ocrx_word' id='word_1_220' title='bbox 218 1310 319 1331; x_wconf 87' lang='lat' dir='ltr'>recens</span> <span class='ocrx_word' id='word_1_221' title='bbox 341 1301 427 1331; x_wconf 88' lang='lat' dir='ltr'>factis</span> <span class='ocrx_word' id='word_1_222' title='bbox 453 1302 643 1339; x_wconf 89' lang='lat' dir='ltr'>vulneribus,</span> <span class='ocrx_word' id='word_1_223' title='bbox 671 1303 703 1333; x_wconf 91' lang='lat' dir='ltr'>in</span> <span class='ocrx_word' id='word_1_224' title='bbox 731 1303 838 1339; x_wconf 91' lang='lat' dir='ltr'>quibus</span> <span class='ocrx_word' id='word_1_225' title='bbox 868 1312 997 1341; x_wconf 85' lang='lat' dir='ltr'>magnam</span> <span class='ocrx_word' id='word_1_226' title='bbox 1023 1301 1172 1340; x_wconf 84' lang='lat' dir='ltr'>sanguinis</span> <span class='ocrx_word' id='word_1_227' title='bbox 1200 1301 1386 1338; x_wconf 86' lang='lat' dir='ltr'>quantitatem</span> <span class='ocrx_word' id='word_1_228' title='bbox 1411 1310 1478 1331; x_wconf 90' lang='lat' dir='ltr'>vasa</span> <span class='ocrx_word' id='word_1_229' title='bbox 1503 1300 1577 1329; x_wconf 92' lang='lat' dir='ltr'>acci-</span> 
     </span>
     <span class='ocr_line' id='line_1_23' title="bbox 52 1352 1577 1392; baseline 0 -11"><span class='ocrx_word' id='word_1_230' title='bbox 52 1352 157 1389; x_wconf 86' lang='lat' dir='ltr'>piunt,</span> <span class='ocrx_word' id='word_1_231' title='bbox 186 1353 265 1390; x_wconf 76' lang='lat' dir='ltr'>larga</span> <span class='ocrx_word' id='word_1_232' title='bbox 290 1354 443 1383; x_wconf 87' lang='lat' dir='ltr'>admodum</span> <span class='ocrx_word' id='word_1_233' title='bbox 467 1364 554 1384; x_wconf 89' lang='lat' dir='ltr'>manu</span> <span class='ocrx_word' id='word_1_234' title='bbox 578 1354 723 1392; x_wconf 81' lang='lat' dir='ltr'>lympham</span> <span class='ocrx_word' id='word_1_235' title='bbox 747 1355 955 1391; x_wconf 84' lang='lat' dir='ltr'>coagulabilem</span> <span class='ocrx_word' id='word_1_236' title='bbox 982 1363 1082 1391; x_wconf 86' lang='lat' dir='ltr'>parare</span> <span class='ocrx_word' id='word_1_237' title='bbox 1110 1355 1186 1383; x_wconf 86' lang='lat' dir='ltr'>solet</span> <span class='ocrx_word' id='word_1_238' title='bbox 1209 1354 1340 1390; x_wconf 86' lang='lat' dir='ltr'>Natura;</span> <span class='ocrx_word' id='word_1_239' title='bbox 1363 1353 1431 1382; x_wconf 84' lang='lat' dir='ltr'>dum</span> <span class='ocrx_word' id='word_1_240' title='bbox 1455 1353 1485 1382; x_wconf 92' lang='lat' dir='ltr'>in</span> <span class='ocrx_word' id='word_1_241' title='bbox 1509 1353 1577 1382; x_wconf 87' lang='lat' dir='ltr'>vul·</span> 
     </span>
     <span class='ocr_line' id='line_1_24' title="bbox 55 1403 1576 1443; baseline 0 -11"><span class='ocrx_word' id='word_1_242' title='bbox 55 1403 195 1440; x_wconf 85' lang='lat' dir='ltr'>neribus,</span> <span class='ocrx_word' id='word_1_243' title='bbox 217 1412 269 1441; x_wconf 86' lang='lat' dir='ltr'>per</span> <span class='ocrx_word' id='word_1_244' title='bbox 292 1404 482 1435; x_wconf 78' lang='lat' dir='ltr'>intentionem</span> <span class='ocrx_word' id='word_1_245' title='bbox 509 1405 702 1436; x_wconf 83' lang='lat' dir='ltr'>secundariam</span> <span class='ocrx_word' id='word_1_246' title='bbox 725 1407 876 1443; x_wconf 87' lang='lat' dir='ltr'>sanandis,</span> <span class='ocrx_word' id='word_1_247' title='bbox 898 1406 987 1443; x_wconf 88' lang='lat' dir='ltr'>magis</span> <span class='ocrx_word' id='word_1_248' title='bbox 1010 1407 1095 1435; x_wconf 73' lang='lat' dir='ltr'>avara</span> <span class='ocrx_word' id='word_1_249' title='bbox 1113 1414 1200 1435; x_wconf 86' lang='lat' dir='ltr'>manu</span> <span class='ocrx_word' id='word_1_250' title='bbox 1223 1405 1295 1434; x_wconf 88' lang='lat' dir='ltr'>hanc</span> <span class='ocrx_word' id='word_1_251' title='bbox 1318 1405 1464 1442; x_wconf 83' lang='lat' dir='ltr'>lympham</span> <span class='ocrx_word' id='word_1_252' title='bbox 1482 1412 1576 1433; x_wconf 86' lang='lat' dir='ltr'>secer-</span> 
     </span>
     <span class='ocr_line' id='line_1_25' title="bbox 53 1455 1577 1497; baseline 0 -12"><span class='ocrx_word' id='word_1_253' title='bbox 53 1462 123 1485; x_wconf 87' lang='lat' dir='ltr'>nere</span> <span class='ocrx_word' id='word_1_254' title='bbox 149 1455 284 1485; x_wconf 77' lang='lat' dir='ltr'>videntur</span> <span class='ocrx_word' id='word_1_255' title='bbox 304 1465 391 1494; x_wconf 88' lang='lat' dir='ltr'>vasa,</span> <span class='ocrx_word' id='word_1_256' title='bbox 415 1466 489 1494; x_wconf 88' lang='lat' dir='ltr'>quae</span> <span class='ocrx_word' id='word_1_257' title='bbox 512 1458 612 1488; x_wconf 88' lang='lat' dir='ltr'>eodem</span> <span class='ocrx_word' id='word_1_258' title='bbox 631 1465 762 1497; x_wconf 83' lang='lat' dir='ltr'>tempore</span> <span class='ocrx_word' id='word_1_259' title='bbox 779 1459 926 1497; x_wconf 87' lang='lat' dir='ltr'>sanguinis</span> <span class='ocrx_word' id='word_1_260' title='bbox 953 1459 1073 1496; x_wconf 68' lang='lat' dir='ltr'>quadam</span> <span class='ocrx_word' id='word_1_261' title='bbox 1099 1458 1230 1496; x_wconf 86' lang='lat' dir='ltr'>indigent</span> <span class='ocrx_word' id='word_1_262' title='bbox 1255 1458 1431 1495; x_wconf 85' lang='lat' dir='ltr'>quantitate,</span> <span class='ocrx_word' id='word_1_263' title='bbox 1459 1465 1494 1486; x_wconf 85' lang='lat' dir='ltr'>ex</span> <span class='ocrx_word' id='word_1_264' title='bbox 1519 1457 1577 1493; x_wconf 69' lang='lat' dir='ltr'>qua</span> 
     </span>
     <span class='ocr_line' id='line_1_26' title="bbox 54 1509 688 1546; baseline 0.009 -11"><span class='ocrx_word' id='word_1_265' title='bbox 54 1515 111 1544; x_wconf 88' lang='lat' dir='ltr'>pus</span> <span class='ocrx_word' id='word_1_266' title='bbox 134 1516 283 1537; x_wconf 83' lang='lat' dir='ltr'>secernere</span> <span class='ocrx_word' id='word_1_267' title='bbox 305 1509 433 1546; x_wconf 89' lang='lat' dir='ltr'>possint.</span> <span class='ocrx_word' id='word_1_268' title='bbox 685 1534 688 1535; x_wconf 17' lang='grc' dir='ltr'><em>γ</em></span> 
     </span>
    </p>

    <p class='ocr_par' dir='ltr' id='par_1_7' title="bbox 55 1559 1581 1907">
     <span class='ocr_line' id='line_1_27' title="bbox 97 1559 1578 1602; baseline 0.001 -15"><span class='ocrx_word' id='word_1_269' title='bbox 97 1567 126 1595; x_wconf 84' lang='grc'>3.</span> <span class='ocrx_word' id='word_1_270' title='bbox 157 1559 229 1588; x_wconf 92' lang='lat' dir='ltr'>Non</span> <span class='ocrx_word' id='word_1_271' title='bbox 254 1566 364 1589; x_wconf 88' lang='lat' dir='ltr'>tantum</span> <span class='ocrx_word' id='word_1_272' title='bbox 383 1561 517 1598; x_wconf 86' lang='lat' dir='ltr'>lymphae</span> <span class='ocrx_word' id='word_1_273' title='bbox 541 1563 729 1600; x_wconf 84' lang='lat' dir='ltr'>coagulabilis</span> <span class='ocrx_word' id='word_1_274' title='bbox 751 1563 916 1600; x_wconf 81' lang='lat' dir='ltr'>quantitas,</span> <span class='ocrx_word' id='word_1_275' title='bbox 938 1564 990 1593; x_wconf 88' lang='lat' dir='ltr'>sed</span> <span class='ocrx_word' id='word_1_276' title='bbox 1010 1564 1098 1602; x_wconf 83' lang='lat' dir='ltr'>hujus</span> <span class='ocrx_word' id='word_1_277' title='bbox 1120 1571 1239 1600; x_wconf 87' lang='lat' dir='ltr'>quoque</span> <span class='ocrx_word' id='word_1_278' title='bbox 1264 1562 1406 1599; x_wconf 81' lang='lat' dir='ltr'>qualitas,</span> <span class='ocrx_word' id='word_1_279' title='bbox 1425 1567 1473 1590; x_wconf 87' lang='lat' dir='ltr'>aut</span> <span class='ocrx_word' id='word_1_280' title='bbox 1495 1559 1578 1589; x_wconf 89' lang='lat' dir='ltr'>indo·</span> 
     </span>
     <span class='ocr_line' id='line_1_28' title="bbox 55 1609 1578 1653; baseline 0.001 -15"><span class='ocrx_word' id='word_1_281' title='bbox 55 1609 99 1638; x_wconf 82' lang='lat' dir='ltr'>les</span> <span class='ocrx_word' id='word_1_282' title='bbox 125 1609 156 1639; x_wconf 92' lang='lat' dir='ltr'>in</span> <span class='ocrx_word' id='word_1_283' title='bbox 181 1611 307 1647; x_wconf 74' lang='lat' dir='ltr'>utraque</span> <span class='ocrx_word' id='word_1_284' title='bbox 334 1612 461 1642; x_wconf 82' lang='lat' dir='ltr'>vulneris</span> <span class='ocrx_word' id='word_1_285' title='bbox 488 1614 585 1650; x_wconf 86' lang='lat' dir='ltr'>specie</span> <span class='ocrx_word' id='word_1_286' title='bbox 610 1614 724 1644; x_wconf 87' lang='lat' dir='ltr'>differre</span> <span class='ocrx_word' id='word_1_287' title='bbox 749 1615 882 1645; x_wconf 83' lang='lat' dir='ltr'>videtur:</span> <span class='ocrx_word' id='word_1_288' title='bbox 912 1616 1031 1653; x_wconf 88' lang='lat' dir='ltr'>lympha</span> <span class='ocrx_word' id='word_1_289' title='bbox 1057 1615 1192 1645; x_wconf 87' lang='lat' dir='ltr'>nimirum</span> <span class='ocrx_word' id='word_1_290' title='bbox 1217 1613 1424 1652; x_wconf 90' lang='lat' dir='ltr'>coagulabilis,</span> <span class='ocrx_word' id='word_1_291' title='bbox 1454 1621 1526 1648; x_wconf 89' lang='lat' dir='ltr'>quae</span> <span class='ocrx_word' id='word_1_292' title='bbox 1548 1612 1578 1641; x_wconf 90' lang='lat' dir='ltr'>in</span> 
     </span>
     <span class='ocr_line' id='line_1_29' title="bbox 58 1661 1578 1704; baseline 0.003 -16"><span class='ocrx_word' id='word_1_293' title='bbox 58 1661 278 1697; x_wconf 84' lang='lat' dir='ltr'>suppurationis</span> <span class='ocrx_word' id='word_1_294' title='bbox 309 1663 402 1692; x_wconf 86' lang='lat' dir='ltr'>stadio</span> <span class='ocrx_word' id='word_1_295' title='bbox 426 1673 442 1693; x_wconf 88' lang='lat' dir='ltr'>a</span> <span class='ocrx_word' id='word_1_296' title='bbox 466 1664 543 1694; x_wconf 83' lang='lat' dir='ltr'>vasis</span> <span class='ocrx_word' id='word_1_297' title='bbox 567 1665 741 1703; x_wconf 85' lang='lat' dir='ltr'>sanguiferis</span> <span class='ocrx_word' id='word_1_298' title='bbox 772 1667 951 1704; x_wconf 82' lang='lat' dir='ltr'>secernitur,</span> <span class='ocrx_word' id='word_1_299' title='bbox 981 1667 1106 1704; x_wconf 89' lang='lat' dir='ltr'>spissior</span> <span class='ocrx_word' id='word_1_300' title='bbox 1130 1674 1159 1696; x_wconf 88' lang='lat' dir='ltr'>et</span> <span class='ocrx_word' id='word_1_301' title='bbox 1183 1666 1312 1696; x_wconf 85' lang='lat' dir='ltr'>tenacior</span> <span class='ocrx_word' id='word_1_302' title='bbox 1335 1664 1578 1702; x_wconf 85' lang='lat' dir='ltr'>deprehenditur,</span> 
     </span>
     <span class='ocr_line' id='line_1_30' title="bbox 57 1711 1581 1754; baseline 0.004 -15"><span class='ocrx_word' id='word_1_303' title='bbox 57 1719 142 1748; x_wconf 89' lang='lat' dir='ltr'>quam</span> <span class='ocrx_word' id='word_1_304' title='bbox 161 1711 191 1740; x_wconf 92' lang='lat' dir='ltr'>in</span> <span class='ocrx_word' id='word_1_305' title='bbox 210 1713 351 1749; x_wconf 88' lang='lat' dir='ltr'>vulnere,</span> <span class='ocrx_word' id='word_1_306' title='bbox 373 1715 509 1750; x_wconf 90' lang='lat' dir='ltr'>quamdiu</span> <span class='ocrx_word' id='word_1_307' title='bbox 533 1716 617 1752; x_wconf 88' lang='lat' dir='ltr'>puris</span> <span class='ocrx_word' id='word_1_308' title='bbox 644 1717 756 1754; x_wconf 89' lang='lat' dir='ltr'>genesis</span> <span class='ocrx_word' id='word_1_309' title='bbox 776 1719 871 1747; x_wconf 90' lang='lat' dir='ltr'>locum</span> <span class='ocrx_word' id='word_1_310' title='bbox 890 1727 950 1748; x_wconf 91' lang='lat' dir='ltr'>non</span> <span class='ocrx_word' id='word_1_311' title='bbox 975 1719 1079 1754; x_wconf 90' lang='lat' dir='ltr'>habet,</span> <span class='ocrx_word' id='word_1_312' title='bbox 1101 1717 1223 1748; x_wconf 87' lang='lat' dir='ltr'>inveniri</span> <span class='ocrx_word' id='word_1_313' title='bbox 1248 1719 1335 1747; x_wconf 87' lang='lat' dir='ltr'>solet.</span> <span class='ocrx_word' id='word_1_314' title='bbox 1378 1717 1473 1754; x_wconf 84' lang='lat' dir='ltr'>Cujus</span> <span class='ocrx_word' id='word_1_315' title='bbox 1494 1716 1581 1752; x_wconf 88' lang='lat' dir='ltr'>phae-</span> 
     </span>
     <span class='ocr_line' id='line_1_31' title="bbox 57 1762 1580 1804; baseline 0.002 -12"><span class='ocrx_word' id='word_1_316' title='bbox 57 1762 175 1793; x_wconf 78' lang='lat' dir='ltr'>nomem</span> <span class='ocrx_word' id='word_1_317' title='bbox 197 1763 269 1792; x_wconf 84' lang='lat' dir='ltr'>ratio</span> <span class='ocrx_word' id='word_1_318' title='bbox 288 1763 319 1793; x_wconf 89' lang='lat' dir='ltr'>in</span> <span class='ocrx_word' id='word_1_319' title='bbox 337 1773 372 1794; x_wconf 91' lang='lat' dir='ltr'>eo</span> <span class='ocrx_word' id='word_1_320' title='bbox 393 1766 553 1801; x_wconf 87' lang='lat' dir='ltr'>quaerenda</span> <span class='ocrx_word' id='word_1_321' title='bbox 573 1767 706 1804; x_wconf 85' lang='lat' dir='ltr'>videtur,</span> <span class='ocrx_word' id='word_1_322' title='bbox 729 1770 810 1804; x_wconf 90' lang='lat' dir='ltr'>quod</span> <span class='ocrx_word' id='word_1_323' title='bbox 826 1770 937 1799; x_wconf 91' lang='lat' dir='ltr'>Natura</span> <span class='ocrx_word' id='word_1_324' title='bbox 962 1770 1018 1798; x_wconf 90' lang='lat' dir='ltr'>hoc</span> <span class='ocrx_word' id='word_1_325' title='bbox 1044 1770 1131 1798; x_wconf 90' lang='lat' dir='ltr'>modo</span> <span class='ocrx_word' id='word_1_326' title='bbox 1157 1777 1258 1797; x_wconf 87' lang='lat' dir='ltr'>curare</span> <span class='ocrx_word' id='word_1_327' title='bbox 1280 1767 1423 1803; x_wconf 88' lang='lat' dir='ltr'>voluerit,</span> <span class='ocrx_word' id='word_1_328' title='bbox 1451 1776 1487 1796; x_wconf 91' lang='lat' dir='ltr'>ne</span> <span class='ocrx_word' id='word_1_329' title='bbox 1504 1768 1580 1804; x_wconf 81' lang='lat' dir='ltr'>plas-</span> 
     </span>
     <span class='ocr_line' id='line_1_32' title="bbox 59 1813 1581 1859; baseline 0.003 -18"><span class='ocrx_word' id='word_1_330' title='bbox 59 1813 117 1842; x_wconf 87' lang='lat' dir='ltr'>tica</span> <span class='ocrx_word' id='word_1_331' title='bbox 143 1814 280 1850; x_wconf 88' lang='lat' dir='ltr'>lympha,</span> <span class='ocrx_word' id='word_1_332' title='bbox 302 1824 318 1844; x_wconf 92' lang='lat' dir='ltr'>a</span> <span class='ocrx_word' id='word_1_333' title='bbox 343 1815 420 1845; x_wconf 91' lang='lat' dir='ltr'>vasis</span> <span class='ocrx_word' id='word_1_334' title='bbox 446 1816 585 1854; x_wconf 87' lang='lat' dir='ltr'>formata,</span> <span class='ocrx_word' id='word_1_335' title='bbox 607 1827 673 1847; x_wconf 90' lang='lat' dir='ltr'>cum</span> <span class='ocrx_word' id='word_1_336' title='bbox 696 1820 860 1849; x_wconf 87' lang='lat' dir='ltr'>eorumdem</span> <span class='ocrx_word' id='word_1_337' title='bbox 878 1829 1012 1850; x_wconf 89' lang='lat' dir='ltr'>vasorum</span> <span class='ocrx_word' id='word_1_338' title='bbox 1036 1827 1205 1859; x_wconf 86' lang='lat' dir='ltr'>praeparato</span> <span class='ocrx_word' id='word_1_339' title='bbox 1232 1821 1388 1857; x_wconf 88' lang='lat' dir='ltr'>purulento</span> <span class='ocrx_word' id='word_1_340' title='bbox 1411 1818 1581 1848; x_wconf 87' lang='lat' dir='ltr'>commisce-</span> 
     </span>
     <span class='ocr_line' id='line_1_33' title="bbox 56 1865 860 1907; baseline 0.01 -15"><span class='ocrx_word' id='word_1_341' title='bbox 56 1870 153 1900; x_wconf 86' lang='lat' dir='ltr'>retur,</span> <span class='ocrx_word' id='word_1_342' title='bbox 181 1872 267 1901; x_wconf 88' lang='lat' dir='ltr'>atque</span> <span class='ocrx_word' id='word_1_343' title='bbox 291 1865 332 1895; x_wconf 90' lang='lat' dir='ltr'>sic</span> <span class='ocrx_word' id='word_1_344' title='bbox 357 1874 386 1896; x_wconf 88' lang='lat' dir='ltr'>et</span> <span class='ocrx_word' id='word_1_345' title='bbox 408 1868 464 1897; x_wconf 93' lang='lat' dir='ltr'>hoc</span> <span class='ocrx_word' id='word_1_346' title='bbox 489 1875 516 1897; x_wconf 89' lang='lat' dir='ltr'>et</span> <span class='ocrx_word' id='word_1_347' title='bbox 542 1870 592 1898; x_wconf 88' lang='lat' dir='ltr'>illa</span> <span class='ocrx_word' id='word_1_348' title='bbox 616 1877 860 1907; x_wconf 87' lang='lat' dir='ltr'>corrumperetur.</span> 
     </span>
    </p>

    <p class='ocr_par' dir='ltr' id='par_1_8' title="bbox 97 1919 1581 1963">
     <span class='ocr_line' id='line_1_34' title="bbox 97 1919 1581 1963; baseline 0 -14"><span class='ocrx_word' id='word_1_349' title='bbox 97 1919 188 1949; x_wconf 87' lang='lat' dir='ltr'>Hisce</span> <span class='ocrx_word' id='word_1_350' title='bbox 214 1921 402 1958; x_wconf 85' lang='lat' dir='ltr'>praemissis,</span> <span class='ocrx_word' id='word_1_351' title='bbox 432 1922 469 1952; x_wconf 86' lang='lat' dir='ltr'>ad</span> <span class='ocrx_word' id='word_1_352' title='bbox 498 1923 589 1960; x_wconf 88' lang='lat' dir='ltr'>ipsam</span> <span class='ocrx_word' id='word_1_353' title='bbox 619 1924 748 1954; x_wconf 89' lang='lat' dir='ltr'>Naturae</span> <span class='ocrx_word' id='word_1_354' title='bbox 777 1925 975 1963; x_wconf 86' lang='lat' dir='ltr'>operationem</span> <span class='ocrx_word' id='word_1_355' title='bbox 998 1923 1194 1954; x_wconf 88' lang='lat' dir='ltr'>secundariam</span> <span class='ocrx_word' id='word_1_356' title='bbox 1222 1929 1398 1953; x_wconf 86' lang='lat' dir='ltr'>revertamur</span> <span class='ocrx_word' id='word_1_357' title='bbox 1421 1929 1450 1951; x_wconf 92' lang='lat' dir='ltr'>et</span> <span class='ocrx_word' id='word_1_358' title='bbox 1475 1921 1581 1951; x_wconf 88' lang='lat' dir='ltr'>indice-</span> 
     </span>
    </p>

    <p class='ocr_par' dir='ltr' id='par_1_9' title="bbox 1497 1981 1582 2008">
     <span class='ocr_line' id='line_1_35' title="bbox 1497 1981 1582 2008; baseline 0 -7"><span class='ocrx_word' id='word_1_359' title='bbox 1497 1981 1582 2008; x_wconf 86' lang='lat' dir='ltr'>mus,</span> 
     </span>
    </p>
   </div>
   <div class='ocr_carea' id='block_1_4' title="bbox 60 2039 1582 2171">
    <p class='ocr_par' dir='ltr' id='par_1_10' title="bbox 60 2039 1582 2171">
     <span class='ocr_line' id='line_1_36' title="bbox 60 2039 1582 2075; baseline -0.001 -11"><span class='ocrx_word' id='word_1_360' title='bbox 60 2056 78 2070; x_wconf 80' lang='lat'>,‚</span> <span class='ocrx_word' id='word_1_361' title='bbox 97 2044 208 2068; x_wconf 82' lang='lat' dir='ltr'>causae,</span> <span class='ocrx_word' id='word_1_362' title='bbox 227 2039 320 2066; x_wconf 87' lang='lat' dir='ltr'>brutae</span> <span class='ocrx_word' id='word_1_363' title='bbox 338 2040 420 2072; x_wconf 85' lang='lat' dir='ltr'>licet,</span> <span class='ocrx_word' id='word_1_364' title='bbox 438 2047 517 2074; x_wconf 80' lang='lat' dir='ltr'>atque</span> <span class='ocrx_word' id='word_1_365' title='bbox 533 2043 605 2069; x_wconf 89' lang='lat' dir='ltr'>omni</span> <span class='ocrx_word' id='word_1_366' title='bbox 625 2044 740 2070; x_wconf 90' lang='lat' dir='ltr'>consilio</span> <span class='ocrx_word' id='word_1_367' title='bbox 757 2043 913 2075; x_wconf 87' lang='lat' dir='ltr'>destitutae;</span> <span class='ocrx_word' id='word_1_368' title='bbox 932 2050 985 2069; x_wconf 87' lang='lat' dir='ltr'>non</span> <span class='ocrx_word' id='word_1_369' title='bbox 1003 2050 1085 2070; x_wconf 85' lang='lat' dir='ltr'>tamen</span> <span class='ocrx_word' id='word_1_370' title='bbox 1106 2043 1164 2068; x_wconf 87' lang='lat' dir='ltr'>sine</span> <span class='ocrx_word' id='word_1_371' title='bbox 1186 2048 1288 2068; x_wconf 87' lang='lat' dir='ltr'>summo</span> <span class='ocrx_word' id='word_1_372' title='bbox 1306 2040 1421 2067; x_wconf 87' lang='lat' dir='ltr'>consilio</span> <span class='ocrx_word' id='word_1_373' title='bbox 1437 2045 1582 2071; x_wconf 82' lang='lat' dir='ltr'>reguntur,</span> 
     </span>
     <span class='ocr_line' id='line_1_37' title="bbox 63 2083 1582 2125; baseline 0.001 -15"><span class='ocrx_word' id='word_1_374' title='bbox 63 2103 82 2117; x_wconf 86' lang='lat'>,‚</span> <span class='ocrx_word' id='word_1_375' title='bbox 100 2083 162 2111; x_wconf 87' lang='lat' dir='ltr'>dum</span> <span class='ocrx_word' id='word_1_376' title='bbox 186 2093 243 2112; x_wconf 85' lang='lat' dir='ltr'>suas</span> <span class='ocrx_word' id='word_1_377' title='bbox 265 2088 388 2120; x_wconf 73' lang='lat' dir='ltr'>quaequ‘e</span> <span class='ocrx_word' id='word_1_378' title='bbox 417 2090 586 2122; x_wconf 86' lang='lat' dir='ltr'>operationes</span> <span class='ocrx_word' id='word_1_379' title='bbox 613 2090 712 2125; x_wconf 87' lang='lat' dir='ltr'>edunt,</span> <span class='ocrx_word' id='word_1_380' title='bbox 738 2098 856 2125; x_wconf 85' lang='lat' dir='ltr'>suosque</span> <span class='ocrx_word' id='word_1_381' title='bbox 878 2090 990 2118; x_wconf 84' lang='lat' dir='ltr'>effectus</span> <span class='ocrx_word' id='word_1_382' title='bbox 1017 2088 1231 2124; x_wconf 82' lang='lat' dir='ltr'>exsequuntur&#39;&#39;.</span> <span class='ocrx_word' id='word_1_383' title='bbox 1272 2086 1334 2115; x_wconf 88' lang='lat' dir='ltr'>Vid.</span> <span class='ocrx_word' id='word_1_384' title='bbox 1354 2088 1436 2121; x_wconf 84' lang='lat' dir='ltr'>oper.</span> <span class='ocrx_word' id='word_1_385' title='bbox 1466 2087 1582 2113; x_wconf 87' lang='lat' dir='ltr'>omnium</span> 
     </span>
     <span class='ocr_line' id='line_1_38' title="bbox 61 2130 1547 2171; baseline 0.016 -15"><span class='ocrx_word' id='word_1_386' title='bbox 61 2130 140 2159; x_wconf 86' lang='lat' dir='ltr'>Tom.</span> <span class='ocrx_word' id='word_1_387' title='bbox 151 2132 184 2160; x_wconf 91' lang='lat' dir='ltr'>V.</span> <span class='ocrx_word' id='word_1_388' title='bbox 204 2131 269 2161; x_wconf 84' lang='lat' dir='ltr'>edit.</span> <span class='ocrx_word' id='word_1_389' title='bbox 288 2134 393 2162; x_wconf 87' lang='lat' dir='ltr'>Genev.</span> <span class='ocrx_word' id='word_1_390' title='bbox 410 2137 524 2171; x_wconf 81' lang='lat' dir='ltr'>pag.78.</span> <span class='ocrx_word' id='word_1_391' title='bbox 1544 2138 1547 2141; x_wconf 9' lang='grc' dir='ltr'><strong>ᾗ</strong></span> 
     </span>
    </p>
   </div>
   <div class='ocr_carea' id='block_1_5' title="bbox 825 2188 892 2218">
    <p class='ocr_par' dir='ltr' id='par_1_11' title="bbox 825 2188 892 2218">
     <span class='ocr_line' id='line_1_39' title="bbox 825 2188 892 2218; baseline 0 0"><span class='ocrx_word' id='word_1_392' title='bbox 825 2188 892 2218; x_wconf 92' lang='lat' dir='ltr'>N2</span> 
     </span>
    </p>
   </div>
  </div>
 </body>
</html>
