1930 2448
299 121 321 152 6
671 119 925 154 CORNELII
961 121 1177 154 ADRIANI
1214 123 1458 179 BERGSMA

757 272 1378 292 Ἣ

573 399 645 440 Da
689 385 1222 441 mcnUs'rATioNissUs
1262 403 1555 445 lNDIGEle.

694 567 726 604 §0
752 576 779 597 1.
820 567 982 607 Descriptio
1005 569 1243 598 incrustationum
1263 569 1439 602 Rvet-anias.

304 638 411 700 Tres
435 668 673 699 incrustationum
698 669 864 701 Rockaniae
895 670 1007 708 species
1034 670 1214 700 considerare
1237 680 1414 709 possumus;
1448 682 1567 709 quarum
1599 674 1759 706 differentia
1780 678 1824 708 in-

306 720 405 757 primis
430 720 525 756 posita
552 727 596 750 est
624 721 653 750 in
674 721 766 751 forma
791 730 927 759 externa,
950 724 1021 751 duae
1049 723 1161 760 species
1184 731 1253 753 sunt
1279 724 1371 754 forma
1398 725 1524 763 oblonga
1544 733 1573 755 et
1593 729 1697 757 nucleo
1727 728 1823 765 ligneo

304 773 464 808 praeditae,
487 773 586 802 harum
613 775 701 803 altera
724 781 838 804 constat
860 776 987 804 crustula
1015 775 1141 812 simplici
1167 775 1242 804 circa
1264 777 1389 804 culmum
1408 777 1555 806 arundinis
1574 779 1621 807 vel
1645 778 1719 808 alius
1744 780 1826 815 plan-

306 830 350 852 tae
377 825 486 852 caulem
513 824 666 861 deposita,
688 825 844 855 delineatae
874 833 942 855 sunt
968 826 1064 855 tabula
1083 827 1119 858 Π.
1150 826 1201 864 fig.
1224 835 1236 855 1
1258 834 1285 856 et
1303 837 1342 864 23
1369 828 1457 857 altera
1479 837 1551 864 quae
1576 834 1677 858 natura
1704 829 1824 860 omnino

303 875 417 904 videtui·
438 876 593 905 convenire
611 876 710 906 tertiae
730 884 758 905 et
780 883 888 906 tantum
913 877 948 907 ab
971 886 1002 907 ea
1023 878 1136 906 differre
1159 880 1263 907 nucleo
1289 878 1404 915 ligneo,
1435 889 1493 916 quo
1519 879 1640 909 formam
1662 880 1751 918 magis
1776 889 1819 909 re-

305 929 430 962 gularem
455 927 600 964 accepisse
619 927 755 964 videtur,
776 927 932 957 delineatae
957 936 1026 958 sunt
1049 929 1144 959 tabula
1159 930 1198 959 11.
1229 930 1279 967 fig.
1304 940 1320 968 3
1342 938 1369 960 et
1389 941 1430 968 43
1453 931 1552 961 ultima
1570 931 1682 969 species
1701 939 1745 962 est
1763 932 1826 962 for·

305 986 348 1005 nia
366 979 514 1015 uregulari
531 978 648 1008 omnino
666 979 880 1008 indeterminata
898 981 1109 1015 quodammodo
1127 983 1278 1011 rotundata
1289 1004 1299 1018 ‚
1317 983 1457 1012 delineata
1472 989 1515 1012 est
1531 983 1627 1013 tabula
1635 984 1685 1013 111.
1705 983 1757 1021 fig.
1772 990 1800 1013 1.
1812 1004 1824 1020 ,

306 1030 394 1057 trinita
422 1029 561 1061 foramina
582 1030 612 1059 in
631 1031 784 1066 superficie
801 1031 900 1060 harum
929 1032 1167 1063 incrustationum
1200 1035 1412 1071 observantur,
1439 1035 1570 1071 adeoque
1596 1035 1662 1064 illae
1691 1034 1752 1064 fere
1777 1035 1826 1064 ad·

305 1087 435 1115 spectum
463 1080 604 1109 brassicae
628 1081 775 1109 oloraceae
797 1081 927 1118 botrytis
948 1082 1073 1118 habent,
1091 1091 1159 1113 sunt
1177 1085 1292 1122 fragiles
1311 1093 1339 1114 et
1359 1086 1473 1122 quando
1494 1085 1667 1122 franguntur
1685 1092 1825 1122 apparet,

304 1139 423 1159 massam
444 1131 562 1160 omnino
585 1138 718 1161 constare
738 1140 752 1160 e
773 1133 894 1162 diversis
914 1134 1019 1163 crustis
1037 1135 1095 1163 sibi
1121 1136 1246 1167 invicem
1270 1137 1432 1175 appositi53
1454 1137 1511 1166 hoc
1537 1136 1623 1166 facile
1650 1137 1822 1167 observatur

305 1179 444 1216 imprimis
465 1181 495 1211 in
518 1181 777 1211 incrustationibus
797 1184 939 1214 secundae
957 1185 1075 1221 speciei.

341 1232 465 1270 Quando
485 1232 655 1262 incmstatio
673 1233 839 1263 Rockaniae
855 1235 937 1264 acido
951 1237 1059 1267 acetico
1074 1238 1254 1276 imponitur,
1278 1240 1440 1270 substantia
1456 1241 1525 1271 dura
1541 1240 1667 1270 solvitur
1687 1244 1823 1271 etmassa

304 1284 462 1320 gelatinosa
486 1285 677 1322 relinquitur,
701 1287 769 1315 haec
788 1296 879 1316 massa
897 1288 1056 1319 substantia
1076 1291 1209 1327 organica
1227 1301 1290 1321 esse
1305 1291 1439 1327 videtui-3
1462 1292 1588 1326 requirat
1608 1290 1674 1326 quis
1692 1289 1768 1319 forte
1785 1299 1822 1321 an

304 1343 340 1363 an
359 1336 490 1363 materies
508 1337 663 1373 spongiosa
673 1346 759 1366 causa
775 1337 1012 1368 incrustationum
1023 1341 1084 1370 sit?
1107 1342 1168 1372 sive
1179 1364 1189 1378 ,
1206 1352 1275 1372 num
1291 1344 1374 1379 origo
1389 1343 1489 1370 harum
1503 1341 1741 1371 incrustationum
1755 1349 1826 1378 pen-

303 1385 382 1414 deret
400 1386 434 1415 ab
460 1386 512 1415 hac
529 1388 668 1418 materie?
706 1389 772 1418 Nos
792 1389 889 1426 itaque
907 1391 1052 1421 videamus
1075 1393 1144 1429 quid
1167 1393 1206 1422 sit
1224 1393 1354 1422 materies
1377 1392 1426 1423 illa
1449 1400 1619 1429 spongiosa-

748 1503 780 1540 §.
804 1515 835 1535 2.
875 1506 1037 1546 Descriptio
1056 1509 1190 1538 materiei
1208 1509 1380 1548 spongiosac.

343 1617 495 1647 Materiem
513 1619 718 1655 spongiosam,
740 1629 810 1655 quae
826 1620 972 1650 invenitur
988 1622 1018 1650 in
1033 1629 1136 1659 stagno
1158 1621 1339 1656 Rockaniae,
1363 1620 1392 1649 in
1409 1626 1487 1649 statu
1500 1629 1554 1649 suo
1571 1620 1691 1652 naturali
1705 1621 1734 1651 in
1754 1622 1824 1659 ipso

299 1672 366 1697 iaco
393 1668 545 1698 observare
570 1670 675 1706 potui,
697 1671 826 1700 materies
855 1672 923 1700 haec
948 1672 1081 1701 omnibus
1102 1672 1162 1701 fere
1189 1671 1446 1701 incrustationibus
1466 1671 1598 1708 apposita
1623 1678 1688 1708 est,
1711 1672 1753 1702 uti
1770 1682 1821 1710 ap.

303 1726 382 1752 paret
409 1720 468 1749 tab.
491 1721 529 1750 II.
564 1722 614 1759 fig.
636 1731 690 1758 4.,
722 1729 749 1751 et
771 1723 879 1760 passim
904 1724 975 1760 tegit
994 1725 1091 1753 caules
1111 1723 1259 1753 arundinIs
1276 1723 1453 1758 aliarumque
1469 1724 1629 1759 plantarum
1643 1743 1654 1760 ‚
1675 1729 1708 1752 ut
1723 1730 1753 1752 et
1771 1723 1822 1752 sti-

305 1767 379 1802 PstCS
404 1771 442 1798 ’ὡί
467 1781 482 1801 a
509 1773 654 1809 piscatore
684 1774 819 1810 positos,
850 1776 1008 1811 alveosque
1031 1775 1181 1805 servandis
1209 1774 1340 1812 piscibus
1361 1775 1569 1811 inservientesg,
1596 1775 1666 1804 haec
1691 1775 1821 1805 materies

304 1818 422 1847 &mnino
440 1824 575 1856 spongiae
598 1826 777 1854 humectatae
795 1834 943 1863 aspectum
960 1826 1066 1863 habet,
1089 1827 1182 1857 forma
1198 1833 1242 1856 est
1253 1834 1381 1855 convexa
1397 1831 1425 1854 et
1441 1825 1471 1854 in
1483 1834 1513 1854 ea
1531 1835 1632 1863 parvae
1649 1833 1819 1863 apperturae
1859 1859 1862 1862 ,

301 1870 466 1906 bexagonae
485 1871 514 1899 in
533 1871 620 1899 tubos
636 1878 814 1906 transeuntes
832 1878 867 1906 ad
886 1878 1068 1915 superficiem
1090 1880 1301 1914 observantur,
1322 1876 1353 1905 hi
1369 1876 1431 1905 tubi
1451 1876 1510 1906 fere
1529 1884 1606 1906 recte
1621 1877 1797 1907 descendunt
1809 1897 1820 1913 ,

303 1914 341 1950 ita
368 1929 399 1950 ut
419 1923 492 1951 dicta
513 1924 663 1959 materies,
685 1931 744 1954 tota
770 1933 874 1961 quanta
900 1936 1033 1958 constare
1056 1930 1171 1959 videtur
1193 1939 1207 1958 e
1228 1928 1306 1958 tubis
1330 1927 1453 1957 invicem
1480 1928 1707 1965 conglutinatis3
1731 1936 1820 1964 quum

303 1973 372 2000 haec
406 1973 535 2002 materies
564 1974 747 2011 dissecatur,
779 1986 902 2013 corpora
935 1981 1028 2010 fornia
1054 1981 1129 2011 ovali
1162 1982 1242 2011 nullo
1274 1986 1353 2009 certo
1379 1980 1477 2009 ordine
1512 1979 1639 2015 dispersa
1667 1978 1823 2007 observan-

306 2030 371 2060 tur-3
404 2024 479 2053 dicta
513 2033 635 2062 corpora
673 2027 743 2056 milii
776 2029 910 2060 videntur
936 2032 1093 2062 convenire
1128 2039 1192 2061 cum
1221 2031 1410 2068 gemmatibus
1439 2039 1510 2068 quae
1535 2030 1564 2059 in
1590 2029 1751 2067 polypariis
1780 2028 1823 2058 in-

1775 2088 1825 2109 ve-
