1930 2448
295 131 332 162 ,ε
525 124 826 156 BOUDEWINl
853 120 1064 153 DONKER
1086 120 1312 158 CURTlUS
1333 132 1375 154 w.
1398 133 1428 156 n.
1452 132 1577 161 run,

638 207 665 243 S.
694 208 722 236 6.
765 205 810 234 De
827 207 936 234 actione
953 203 1102 233 directrice
1119 205 1201 232 unius
1213 203 1310 240 fluxus
1325 207 1356 234 in
1371 205 1474 236 alium.

333 289 421 318 Nunc
436 285 526 315 adhuc
543 291 587 313 est
599 283 803 312 consideranda
820 283 940 312 directio
951 303 961 318 ‚
984 281 1013 311 in
1035 289 1118 317 quam
1136 281 1298 311 conductor
1315 282 1433 312 mobilis
1449 283 1559 320 tendit,
1584 291 1672 320 quum
1691 283 1722 314 in
1743 292 1815 322 qna-

299 348 415 376 cunque
431 336 575 375 positione
595 334 783 364 conductoris
804 334 853 364 fixi
869 334 974 364 actioni
990 332 1172 370 subjiciatur.

338 392 420 420 Hanc
441 389 477 418 ob
504 397 560 417 rem
587 387 616 416 in
642 393 776 423 apparatu
797 385 874 426 (fig.
900 387 941 423 3)
962 395 1015 423 pro
1042 386 1220 415 conductore
1247 387 1350 416 mobili
1375 387 1582 417 stib5tittiaintis
1611 370 1817 419 conductorem

301 441 372 479 (fig
393 442 458 477 6);
481 438 642 468 extremitas
661 437 786 474 positiva
804 437 876 473 pilae
893 437 999 466 directe
1018 446 1082 466 cum
1102 439 1217 473 capsula
1239 439 1263 466 Z
1282 439 1685 475 communicct‚etfi1uin'1n
1700 433 1819 477 capsuiff

301 494 327 523 C
348 499 480 528 mergens
503 491 569 519 loco
593 488 760 517 directionis
779 488 836 525 QV
863 487 892 516 in
919 487 1077 518 directione
1096 489 1167 518 OW
1189 482 1329 526 prodest,
1350 497 1438 527 atque
1463 491 1510 519 tali
1540 491 1625 520 modo
1652 491 1724 520 inter
1745 492 1819 521 hanc

305 544 450 580 capsulam
473 548 500 570 et
524 539 726 569 extremitatem
747 538 907 575 negaturam
935 546 1087 576 apparatus
1109 540 1366 570 Electro—motoris
1394 541 1617 571 communicatio
1642 541 1820 574 instituatur.

305 593 478 623 Videbimus
496 591 700 620 conductorem
721 589 856 618 mobilem
876 589 906 619 in
923 591 998 619 illam
1018 592 1168 628 pervenire
1188 593 1384 629 positionem,
1414 594 1443 624 in
1471 603 1525 630 qua
1551 604 1617 631 pars
1638 597 1699 634 ejus
1718 596 1760 626 lK
1779 602 1824 626 est

305 644 439 682 parallela
461 641 631 671 conductori
650 640 727 676 fixo,
749 647 776 669 et
794 641 946 677 utrIusque
964 643 1060 671 fluxus
1078 642 1106 672 in
1127 644 1223 672 eadem
1250 644 1408 674 directione
1432 646 1541 682 prodit.
1584 646 1615 675 Si
1633 647 1824 676 conductores

307 695 363 725 sibi
386 694 443 723 sint
462 693 631 729 parallelae7
654 701 741 727 quum
767 692 906 721 circuitus
933 695 1145 731 constituatur,
1167 697 1217 724 sed
1244 697 1269 725 si
1290 698 1385 726 fluxus
1412 697 1442 726 in
1468 697 1612 726 contrario
1642 707 1729 727 sensu
1755 706 1826 735 pro-

307 746 417 780 fluant,
440 743 601 772 conductor
624 742 739 771 mobilis
758 751 773 771 a
794 744 971 773 conductore
990 745 1047 774 fixo
1067 746 1096 775 in
1118 747 1253 776 omnibus
1274 749 1336 785 ejus
1363 747 1493 783 partibus
1520 749 1677 785 repulsus,
1698 748 1828 778 semicir-

308 798 405 825 culum
429 793 585 829 describit⁹
608 794 698 822 donec
719 793 802 823 etiam
826 795 921 824 fluxus
947 796 977 825 in
998 798 1096 826 eodem
1118 807 1206 829 sensu
1226 800 1326 829 directi
1352 800 1421 830 sint.
1441 793 1535 830 ‘Non
1555 809 1624 830 vero
1643 801 1739 831 statim
1757 809 1829 831 con-

308 852 411 880 ductor
431 848 549 878 mobilis
567 848 596 877 in
617 848 664 877 illa
683 848 831 885 positione
847 851 955 887 stabit,
977 861 1041 881 nam
1061 860 1181 890 propter
1206 851 1386 881 velocitatem
1412 852 1580 888 acquisitam
1599 852 1674 881 illam
1692 852 1829 890 praeteri·

309 901 371 937 bit,
394 907 422 929 et
440 906 508 936 post
526 899 638 935 aliquot
655 900 852 931 oscillationes
873 908 983 931 tantum
1003 903 1033 933 in
1049 904 1097 933 illa
1113 903 1261 941 positione
1281 902 1503 939 inraequilibrio
1520 902 1574 931 erit
1594 899 1687 940 (33).

348 952 448 982 Simile
475 951 700 988 experimentum
731 952 796 981 Cel.
823 953 952 990 Ampe1e
980 953 1108 984 instituit
1133 965 1188 992 ope
1214 961 1367 992 apparatus
1396 953 1473 992 (fig.
1498 954 1571 992 18).
1613 954 1723 982 Fluxus
1750 951 1831 983 venit

308 1004 343 1035 ab
363 1003 539 1032 extremitate
556 1003 682 1039 positiva
699 1003 773 1040 pilae
790 1013 841 1040 per
863 1004 942 1033 filum
956 1025 965 1040 ,
986 1004 1015 1034 in
1033 1006 1149 1042 capsula
1169 1005 1207 1034 V‘
1228 1013 1376 1042 mergenS,
1398 1004 1432 1032 ad
1447 1004 1653 1033 conductorem
1673 1003 1745 1038 BE,
1762 1012 1831 1040 per-

309 1054 398 1084 currit
417 1060 525 1091 partem
546 1054 754 1084 horizontalem
772 1054 850 1089 ΕΒ,
873 1055 1021 1086 descendit
1045 1065 1097 1092 per
1121 1056 1202 1085 filum
1221 1056 1294 1091 DF,
1316 1053 1454 1091 pervenit
1468 1063 1524 1091 ope
1546 1054 1589 1083 fili
1614 1054 1663 1083 TS
1686 1054 1716 1084 in
1734 1053 1834 1097 cy-iin·

309 1107 392 1136 drum
412 1105 584 1134 metallicum
605 1105 626 1133 P
639 1125 650 1140 ‚
673 1106 752 1141 quod
770 1106 963 1136 communicat
987 1115 1053 1136 cum
1075 1108 1121 1136 axi
1144 1109 1254 1144 vitre0‚
1275 1116 1362 1144 supra
1385 1114 1526 1143 punctum
1551 1107 1582 1137 in
1601 1108 1717 1143 capsula
1727 1127 1742 1143 ,,
1758 1115 1833 1135 meta

310 1160 391 1189 curio
403 1159 536 1195 impleta,
548 1168 610 1187 sese
622 1166 776 1196 movente3
798 1159 893 1189 fluxus
909 1161 1044 1197 deinceps
1070 1159 1214 1196 percurrit
1229 1159 1433 1187 conductorem
1448 1157 1757 1195 PQLMHNOUW,
1779 1166 1838 1186 cun

308 1212 356 1249 j-us
379 1210 541 1239 extremitas
560 1209 607 1237 V“
628 1217 693 1238 cum
716 1210 893 1239 extremitate
913 1211 1047 1248 negativa
1068 1211 1142 1247 pilae
1171 1209 1376 1238 communicat.
1417 1208 1526 1237 Fluxus
1550 1208 1638 1245 igitur
1654 1208 1775 1237 directio
1800 1207 1836 1238 in

312 1268 393 1299 parte
413 1260 475 1288 ΜΗ
497 1267 540 1289 est
558 1259 699 1288 contraria
719 1260 780 1296 ejus
800 1260 949 1289 directioni
976 1261 1007 1290 in
1028 1260 1206 1289 conductore
1226 1259 1281 1288 DE
1298 1268 1307 1288 ε
1330 1258 1356 1287 si
1374 1267 1444 1287 vero
1466 1259 1633 1297 conductor·
1647 1259 1764 1289 mobilis
1788 1268 1838 1302 se·

311 1312 492 1341 mich-cuium
513 1309 676 1345 describat,
698 1310 869 1340 directiones
885 1312 949 1340 illae
969 1312 999 1341 in
1015 1311 1113 1340 eodem
1133 1312 1191 1341 sint
1209 1320 1296 1341 sensu
1315 1319 1434 1340 necesse
1453 1317 1507 1340 est.
1539 1310 1674 1339 Circuitu
1690 1309 1835 1339 constitu·

312 1371 364 1400 to,
384 1363 479 1392 statim
500 1362 549 1391 ille
567 1362 728 1390 conductor
744 1362 1075 1401 semicircumferentiam
1091 1361 1246 1397 describit,
1264 1367 1292 1389 et
1308 1367 1377 1397 post
1392 1361 1504 1396 aliquot
1520 1360 1717 1390 oscillationes
1736 1361 1765 1390 in
1780 1369 1837 1397 po·

313 1414 419 1444 sitione
436 1419 514 1448 stat,
535 1412 564 1443 {n
586 1421 640 1448 qua
659 1412 755 1441 fluxus
774 1412 840 1440 HM
863 1420 890 1441 et
910 1413 964 1442 DE
986 1413 1019 1443 in
1034 1413 1131 1442 eodem
1148 1421 1238 1442 sensu
1253 1412 1404 1449 profluunt
1425 1411 1490 1448 (34
1501 1411 1536 1448 >0

351 1466 399 1495 Ex
414 1465 493 1493 hisce
509 1463 597 1500 igitur
612 1463 764 1499 sequitur,
778 1464 983 1493 conductorem
999 1464 1134 1493 mobilem
1147 1485 1156 1500 ‚
1175 1463 1206 1493 in
1225 1471 1397 1499 quacunque
1415 1462 1452 1491 sit
1466 1462 1633 1499 positione,
1654 1470 1766 1499 semper
1784 1462 1835 1491 de.-

314 1517 380 1546 duci
397 1517 426 1545 in
445 1515 528 1544 illum
544 1514 629 1543 situm
642 1535 651 1550 ,
675 1514 706 1542 in
720 1522 779 1549 quo
797 1515 970 1545 conductori
987 1516 1067 1552 fixo,
1089 1515 1119 1545 in
1133 1523 1197 1544 eum
1217 1514 1335 1552 agenti,
1355 1520 1398 1543 est
1417 1515 1592 1550 parallelus,
1612 1520 1639 1542 et
1658 1515 1719 1551 ejus
1736 1514 1833 1544 fluxus

316 1569 415 1598 eodem
433 1574 522 1595 sensu
542 1574 573 1593 ac
591 1565 621 1594 in
641 1564 699 1593 fixo
720 1565 832 1600 prodit.

354 1619 449 1649 Facile
465 1618 534 1646 haec
553 1616 748 1652 phaenomena
765 1624 800 1644 ex
816 1617 1054 1652 praecedentibus
1072 1617 1265 1654 explicantur.
1299 1616 1344 1646 Sit
1361 1616 1435 1645 enim
1457 1615 1527 1653 (fig.
1555 1624 1588 1654 19
1603 1618 1616 1651 )
1638 1615 1690 1645 AB
1709 1617 1838 1646 condue-

316 1679 364 1700 tor
380 1669 517 1704 mobilis,
540 1668 595 1697 CD
613 1676 678 1704 pars
696 1668 882 1698 conductoris
902 1669 969 1705 fixi,
991 1671 1046 1700 DE
1070 1679 1168 1700 eorum
1186 1666 1431 1706 perpendicularis
1452 1667 1613 1696 communis
1625 1687 1636 1702 ‚
1659 1675 1730 1702 quae
1747 1667 1836 1704 igitur

321 1730 419 1750 eorum
441 1719 628 1749 brevissimae
646 1718 796 1748 distantiae
816 1726 860 1748 est
879 1729 1021 1750 mensura.
1064 1721 1129 1750 Sint
1150 1721 1192 1749 illi
1213 1720 1406 1749 conductores
1428 1717 1456 1746 iu
1477 1717 1569 1753 planis
1593 1717 1645 1746 FG
1667 1723 1695 1746 et
1716 1717 1759 1747 Hl
1781 1716 1836 1746 sibi

319 1773 442 1802 invicem
463 1770 770 1807 perpendicularibus,
793 1779 915 1805 quorum
935 1772 1024 1800 sectio
1042 1771 1203 1801 communis
1221 1770 1377 1800 secundum
1393 1769 1496 1797 lineam
1518 1768 1572 1797 DE
1599 1767 1747 1804 dirigitur.
1781 1769 1839 1797 Su-

320 1831 433 1854 mantur
451 1822 481 1852 in
505 1821 562 1850 illis
579 1822 648 1850 duae
668 1821 818 1857 portiones
843 1821 953 1851 infinite
970 1831 1074 1859 parvae
1089 1821 1123 1859 ef
1137 1829 1166 1851 et
1184 1823 1233 1857 hi,
1257 1828 1375 1857 quarum
1398 1818 1488 1848 media
1506 1826 1527 1855 g
1548 1825 1575 1846 et
1596 1817 1612 1844 k
1634 1818 1708 1847 linea
1719 1818 1758 1855 gk
1772 1819 1840 1855 jun·

324 1882 438 1912 gantur.
480 1873 624 1902 Attractio
643 1873 752 1908 aderit,
775 1873 910 1909 quoniam
931 1874 1025 1903 fluxus
1043 1874 1073 1904 in
1090 1873 1188 1903 eodem
1206 1880 1292 1902 sensu
1309 1870 1423 1907 prodire
1448 1875 1676 1905 supponuntur,
1697 1875 1724 1897 et
1750 1876 1840 1905 angu·
1866 1888 1868 1891 -

322 1927 388 1960 ius,
411 1933 495 1960 quem
510 1925 595 1960 plana
613 1924 662 1959 ikg
683 1930 710 1951 et
729 1924 780 1960 egle
801 1923 932 1960 faciunt,
954 1934 1047 1961 neque
1064 1933 1108 1954 est
1127 1931 1242 1960 rectus,
1261 1931 1356 1959 neque
1376 1921 1448 1958 2700
1469 1920 1607 1956 aequalis.
1637 1920 1732 1948 Facile
1748 1920 1840 1956 liquet

323 1976 418 2006 onmia
440 1982 547 2012 puncta
565 1975 707 2011 cujusque
727 1975 821 2004 fluxus
840 1975 870 2004 in
886 1984 917 2004 se
936 1976 1057 2006 invicem
1078 1984 1179 2013 agere:
1203 1981 1237 2003 ut
1251 1973 1337 2012 igitur
1354 1972 1428 2002 actio
1454 1972 1528 2001 inter
1551 1978 1646 2008 partes
1664 1970 1718 2000 CD
1740 1977 1768 2000 et
1787 1969 1838 1999 BE

1767 2021 1841 2051 ...de-

359 2107 437 2144 (33>
461 2106 508 2134 Cf.
534 2106 634 2141 Exposd
650 2110 700 2133 etc.
728 2106 752 2138 §.
770 2114 797 2139 9.
1069 2107 1152 2143 (³4)
1178 2109 1237 2136 Cff.
1264 2105 1378 2134 Annales
1394 2111 1442 2134 etc.
1466 2111 1530 2133 tom.
1547 2104 1606 2131 XV.
1632 2111 1693 2138 pag.
1714 2109 1773 2136 171¹.
