1930 2448
383 116 624 150 RESPONSIO'
644 123 696 147 Διΐ
718 117 1036 156 QUAESTIONEM‘
1059 116 1339 155 MTERARIAM.
1615 125 1635 162 7

480 366 787 406 CAPUT
890 370 1271 411 PRIMUM.

198 494 356 522 HISTORIA
383 498 628 522 BIBLIOTHECAE
650 499 907 522 ALEXANDRINAE
928 502 969 523 AB
990 503 1129 526 ORIGINE
1151 503 1324 533 USQUEVAD
1347 504 1536 529 CAESAREM.

115 609 249 687 Quum
275 638 310 667 de
332 637 512 668 Bibliotheca
539 637 729 669 Alexandrina
756 639 882 669 scribere
913 642 1134 678 constituerim,
1156 642 1252 679 primo
1281 643 1394 679 quidem
1423 644 1458 673 de
1480 646 1542 682 ejus
1568 647 1625 675 ori·

115 692 182 729 gine
207 699 235 720 et
259 691 409 720 conditore
437 692 576 729 agendum
605 701 668 721 esse
695 692 821 722 videtur.
861 692 901 721 Et
926 694 1021 722 statim
1047 695 1104 731 jam
1133 694 1212 722 dubii
1239 694 1387 724 haeremus
1419 704 1567 731 quamnam
1591 697 1625 725 de

114 750 239 778 utroque
258 744 427 772 sententiam
453 743 587 779 amplecti
605 743 779 780 debeamusg,
803 742 864 772 sive
885 742 960 772 enim
984 753 1172 780 quaeramus,
1198 754 1254 781 qua
1273 745 1424 774 occasione
1443 755 1538 782 quove
1556 756 1624 783 pro-

115 792 213 829 posito
229 793 344 823 condita
362 793 420 829 sit,
435 794 608 824 Plutarchus
618 814 628 830 ,
644 794 767 830 Strabo,
788 801 816 822 et
831 803 845 822 e
864 794 1074 823 recentioribus
1087 795 1238 824 Harlesius
1251 795 1357 832 aliique
1376 796 1482 833 singuli
1498 797 1625 833 singulas

115 843 268 880 opiniones
292 845 458 881 ediderunt;
481 845 543 874 sive
566 845 766 882 inquiramus,
787 854 803 874 a
822 853 947 881 quonam
962 846 1127 875 Ptolemaeo
1147 847 1262 876 condita
1285 847 1345 884 sit,
1367 847 1461 877 eadem
1484 848 1625 877 dubitatio

113 894 236 924 animum
257 904 431 932 suspensum
453 903 543 927 tenet.
673 892 677 893 ⁷

149 946 322 976 Plutarchus
351 955 445 976 narrat
488 969 506 984 „
525 948 703 977 Demetrium
723 949 892 979 Phalereum
919 949 980 986 regi
1004 950 1168 979 Ptolemaeo
1194 950 1396 986 persuasisse,
1422 956 1455 979 ut
1476 949 1567 980 libros
1592 952 1626 980 de

117 1017 135 1032 „
156 997 375 1034 principatu-et
399 1007 488 1036 regno
512 999 568 1028 sibi
594 1008 771 1036 compararet
799 1007 886 1036 atque
915 1002 1044 1037 legeret3
1073 1000 1108 1028 de
1131 999 1238 1035 quibus
1261 1000 1335 1029 enim
1361 1000 1443 1029 amici
1461 1010 1541 1038 reges
1564 1012 1628 1031 mo·

115 1068 133 1084 „
154 1048 221 1076 ner'e
241 1058 301 1077 non
327 1049 467 1085 audeant,
491 1058 521 1078 ea
538 1049 567 1078 in
588 1050 669 1080 libris
689 1055 799 1081 exstare
819 1053 899 1089 (ι).
931 1051 1034 1081 Strabo
1058 1051 1106 1080 alii
1132 1051 1264 1087 opimoni
1288 1053 1384 1080 locum
1411 1052 1526 1083 dedit.”
1566 1054 1627 1083 Pri.

115 1117 133 1133 ,‚
150 1088 217 1126 mus
234 1097 383 1134 omnium,
404 1097 522 1135 inquit,
540 1099 590 1135 qui
609 1100 694 1130 nobis
713 1109 781 1131 sunt
795 1103 878 1139 noti,
898 1102 1072 1132 Aristoteles
1092 1101 1299 1131 Bibliothecam
1311 1124 1321 1139 ,
1352 1103 1504 1133 conductis
1523 1103 1624 1141 libris,

115 1169 133 1185 „
153 1149 340 1186 composuit,
361 1148 447 1186 idque
469 1150 533 1178 Aecr
516 1151 597 1187 gypti
624 1161 706 1190 reges
734 1152 827 1182 facere
850 1153 973 1183 docuit⁷’
994 1154 1077 1191 (2)-

148 1198 249 1228 Locus
272 1199 384 1236 quidam
409 1200 438 1230 in
461 1200 594 1231 Diodoro
619 1202 675 1231 Sic
672 1205 719 1233 110
743 1205 876 1241 pluribus
903 1204 1112 1234 recentioribus
1134 1213 1230 1234 ansam
1253 1204 1352 1241 dedit,
1373 1212 1407 1234 ut
1429 1205 1542 1233 tertiam
1567 1205 1624 1233 sibi

112 1251 281 1280 sententiam
308 1251 462 1288 fingerent.
502 1251 550 1281 Ex
572 1253 623 1283 illo
648 1254 722 1284 enim
742 1255 885 1292 scriptore
902 1262 1017 1285 constat
1041 1255 1255 1292 Osymandyam
1280 1264 1374 1292 regem
1399 1255 1529 1293 Aegypti
1553 1256 1627 1284 anti-

112 1301 261 1337 quissimis
283 1303 463 1339 temporibus
479 1302 683 1334 bibliothecam
702 1306 758 1335 sibi
779 1306 991 1343 comparavisse
1013 1306 1101 1342 (3):
1125 1315 1220 1342 neque
1243 1306 1330 1342 igitur
1354 1306 1523 1336 Ptolemaeis
1549 1315 1623 1342 opus

111 1359 169 1381 erat
191 1354 321 1389 exemplo
351 1354 517 1383 Aristotelis
545 1362 595 1384 aut
619 1357 751 1386 consiliis
780 1358 918 1388 Demetrii
941 1357 1092 1393 Phalerei,
1122 1364 1155 1385 ut
1173 1357 1203 1386 id
1225 1357 1370 1393 facerent,
1393 1358 1471 1394 quod
1485 1359 1542 1395 jam
1560 1365 1627 1386 ante

111 1405 194 1440 plura
224 1406 338 1435 saecula
364 1405 394 1436 in
420 1414 453 1435 ea
484 1406 601 1444 regione
629 1408 798 1440 exstitisset.
838 1409 960 1447 Lipsius
981 1410 1053 1447 (4)
1083 1408 1215 1438 credebat
1240 1418 1353 1446 semper
1374 1408 1569 1439 Bibliothecas
1597 1407 1626 1436 in

1554 1465 1630 1487 tem-

145 1535 214 1569 (ι)
242 1537 371 1566 Plutarch.
392 1539 557 1576 ’.Αποφθεγμ
580 1551 608 1576 p.
628 1544 685 1576 189.
702 1545 739 1571 D.
773 1544 919 1577 Δημήτριος
936 1544 947 1570 ὁ
973 1546 1109 1576 Φαληρεὺς
1143 1545 1304 1577 Πτολεμαίῳ
1327 1554 1363 1577 τῳ
1391 1546 1504 1572 Βασιλεῖ
1521 1548 1625 1578 παρῇνει

112 1585 148 1610 ⁷3⁶
167 1583 223 1615 “⁵9²
244 1584 384 1616 finanum
405 1591 450 1613 καὶ
466 1589 602 1621 ἡγεμονίας
617 1592 716 1623 βιβλία
732 1593 862 1622 κτᾶσθαι,
883 1592 927 1617 καὶ
946 1591 1134 1624 ἀναγινώσκειν.
1152 1591 1170 1618 “a
1187 1593 1236 1624 γᾶρ
1254 1592 1278 1618 οἱ
1299 1590 1375 1624 Φίλοι
1393 1594 1450 1623 τοῖς
1469 1594 1625 1625 βασιλεῦσιν

112 1629 139 1656 οὗ
160 1631 272 1664 θαβροῦσι
293 1635 424 1664 παραινεῖν
444 1644 534 1661 ταυτκ
558 1635 585 1663 ἓν
605 1639 661 1668 τοῖς
682 1639 799 1671 βιβλίοις
819 1637 980 1671 γέγραφθκι,

124 1675 210 1710 ,(2)
240 1677 350 1710 Strabo,
378 1679 440 1706 Lib.
456 1681 534 1708 XIII.
564 1690 591 1715 p.
615 1684 673 1714 906.
693 1685 716 1710 C
718 1702 950 1712 ......
985 1687 1086 1717 mairac,-
1109 1683 1142 1711 av
1167 1685 1242 1717 'leuse
1267 1686 1421 1717 συναγαγὼν
1442 1685 1555 1717 βιβλία,
1579 1686 1625 1712 uxi

109 1723 221 1756 διέιίξας
250 1728 312 1755 τοῦς
338 1725 365 1752 ἓν
385 1726 526 1761 'Aurum-op
547 1730 678 1761 βασιλέας
700 1732 866 1763 βιβλιοθήκης
886 1731 1020 1765 σῦνταιξιν.

144 1769 211 1803 (3)
238 1771 354 1799 Diodor.
384 1772 467 1799 sicul.
493 1774 555 1800 Lib.
573 1774 595 1800 Ι.
627 1783 654 1807 p.
672 1778 716 1807 58.
743 1777 817 1805 Edit.
844 1778 954 1804 Wessei.
987 1777 1067 1810 Ἑξῆς
1094 1776 1250 1808 δ’ὑπέρχειν
1277 1779 1324 1805 τῆν
1347 1776 1416 1806 ἱερᾶν
1439 1775 1623 1807 βιβλιοθήκην,

109 1817 154 1850 ἐφ’
180 1817 208 1849 »⁷14
230 1818 425 1852 e’mys'ypaqbem
448 1822 537 1854 ψυχῆς
560 1822 681 1853 izv-penv-
707 1827 827 1857 συνεχεῖς
852 1825 880 1850 δὲ
904 1825 992 1856 ταύτῃ
1012 1826 1063 1850 ’τῶν
1083 1823 1145 1849 κατ’
1168 1824 1305 1855 Α’ἰγυπτον
1331 1822 1389 1847 θεῶν
1411 1822 1533 1848 ἁπάντων
1554 1822 1620 1848 εἰκό-

110 1874 173 1896 νας,
198 1866 245 1891 τοῦ
269 1866 398 1898 βασιλέως
417 1867 505 1899 ὁμοίως
526 1867 744 1901 δωροφοροῦντος,
769 1871 787 1897 ἒξ
811 1874 933 1903 προσῆκον
951 1870 975 1901 ἦν
996 1871 1137 1901 ἑκάστοις·
1156 1871 1269 1901 καθάπερ
1291 1868 1478 1899 ἐνδεικνυμένου
1503 1868 1563 1898 πρός
1588 1877 1620 1894 τε

109 1912 155 1937 τὶν
176 1911 274 1943 0’σ7ριν
294 1913 339 1937 καὶ
364 1915 426 1943 τοῦς
445 1915 521 1941 κάτω
541 1915 698 1948 παρέὲρανς,
722 1916 763 1943 ἔτι
784 1919 829 1944 τὶν
847 1919 904 1951 βίον
921 1916 1079 1950 ἐξετέλεσεν
1097 1915 1207 1949 εὗσεβῖῦν
1229 1917 1274 1942 καὶ
1290 1915 1480 1947 δικαιοπριγῖάν
1506 1913 1568 1946 πρός
1586 1916 1622 1941 ’ἡ

107 1958 248 1990 Μρῶτσυς
262 1960 306 1985 καῖ
326 1959 404 1989 θεούς.

142 2003 205 2038 (4)
230 2004 362 2037 syntagm.
380 2005 412 2031 de
431 2007 560 2034 Biblioth.
587 2015 611 2035 c.
631 2016 655 2036 1.
691 2027 699 2036 .
733 2028 743 2037 .
777 2028 786 2037 .
821 2028 839 2043 ,‚
857 2010 920 2036 Non
948 2016 1032 2036 tamen
1047 2008 1143 2035 dubito
1163 2008 1334 2041 exemplum,
1353 2006 1374 2031 si
1391 2012 1444 2030 non
1461 2004 1541 2038 ipsam
1563 2011 1619 2031 rem

108 2068 128 2083 „
145 2051 269 2078 mansisse
281 2068 289 2082 ,
309 2057 337 2076 et
353 2052 388 2076 in·
399 2052 526 2086 Aegypto
544 2053 727 2081 Bibliothecas
744 2061 851 2089 semper
869 2056 966 2089 aliquas
978 2055 1071 2082 exinde
1089 2055 1212 2082 extitisse
1223 2072 1232 2087 ,
1249 2053 1331 2087 idque
1350 2053 1376 2079 in
1395 2051 1499 2085 templis
1520 2051 1621 2084 praeci·

1529 2117 1548 2133 ‚,
1566 2104 1619 2132 pue
