1930 2448
388 93 717 126 COMMENTATIO
745 103 788 125 AD
816 95 1126 136 QUAEsTioNEM
1156 98 1368 131 MEDmAM.
1597 114 1635 145 59

163 175 255 214 Quod
271 177 306 207 ad
317 177 437 215 primam
456 185 724 208 commentanonem
742 179 862 216 attinet,
882 180 951 208 haec
976 180 1005 210 in
1019 181 1073 210 tria
1087 182 1260 219 dispescitur
1275 183 1386 220 capita,
1410 193 1531 221 quorum
1549 188 1630 223 prius

122 227 159 257 de
182 228 313 265 ossium,
343 237 396 266 pro
424 231 526 266 magna
548 237 628 267 parte
652 230 884 267 deperditorum,
914 233 1127 268 regeneratione
1150 234 1227 270 agit,
1255 237 1374 264 alterum
1393 237 1502 266 ossium
1523 237 1630 268 fractu-

121 286 212 317 ras·et
227 280 364 316 modum,
388 290 446 317 quo
470 282 555 310 hasce
574 283 685 311 Natura
701 282 845 318 restituit,
867 282 1009 319 explicat,
1030 285 1146 314 tertium
1166 286 1277 315 tandem
1299 287 1329 315 in
1347 287 1404 316 vim
1423 295 1450 316 et
1470 290 1627 325 potentiam

120 328 260 367 inquirit,
283 332 391 368 quibus
417 333 528 362 Natura
545 333 636 362 utitur
654 333 689 361 ad
707 342 773 362 ossa
790 335 865 362 laesa
881 334 1014 370 longiora
1032 336 1185 377 reddenda.
1229 336 1346 374 Singula
1367 339 1434 367 haec
1453 339 1545 376 capita
1567 341 1626 370 suis

117 381 317 419 explicantur,
339 384 416 413 hunc
439 385 468 414 in
487 384 571 413 finem
583 405 593 420 ,
612 392 677 412 cum
693 384 835 413 columbis
854 392 882 413 et
901 385 1020 414 canibus
1045 388 1196 424 praecipue
1214 388 1374 425 institutis,
1397 391 1622 428 experimentis,

115 432 223 469 quibus
249 441 342 464 autem
367 436 529 465 enarrandis
555 435 580 464 si
607 443 705 464 vacare
723 437 845 472 vellem,
876 444 904 465 et
922 437 1040 466 nimium
1058 439 1197 474 temporis
1224 449 1444 475 consumerem,
1472 449 1500 471 et
1526 445 1624 474 vestra

115 492 195 514 certe
216 486 281 517 Viri
301 487 379 516 Cll.!
410 487 543 516 abuterer
571 486 601 515 in
626 487 746 523 legendo
773 487 921 524 patientia.
963 489 1052 526 Quod
1069 497 1162 519 autem
1184 491 1219 520 ad
1242 491 1333 527 ipsam
1359 492 1461 522 attinet
1484 493 1623 524 Auctoris

117 538 153 568 de
182 538 249 567 calli
274 538 383 575 origine
402 538 593 574 sententiam,
629 538 698 566 haec
722 539 873 568 difficulter
899 540 1072 577 admodum,
1103 541 1129 570 si
1155 543 1231 571 varia
1258 544 1384 580 legamus
1411 545 1622 582 experimenta,

117 589 222 618 confici
249 598 337 626 posse
361 589 493 625 videtur,
516 589 545 618 in
570 589 733 618 universum
762 597 855 619 autem
882 592 1007 620 auctoris
1035 593 1195 629 sententia,
1226 594 1250 622 si
1277 596 1338 632 ejus
1362 602 1482 624 mentem
1503 596 1556 625 rite
1581 597 1624 627 in-

111 640 291 677 telligamus,
313 640 370 668 huc
389 639 449 669 fere
467 640 559 676 redit,
582 641 660 676 quod
686 641 750 670 calli
774 641 864 669 futuri
887 642 1036 678 materies,
1061 644 1195 679 quamdiu
1214 645 1304 676 ,fluida
1327 653 1387 681 est,
1411 655 1444 675 ex
1463 648 1538 676 vasis
1560 657 1624 677 san-

111 691 243 729 guineis,
266 691 295 721 in
321 693 438 721 externa
463 692 572 721 ossium
593 691 748 720 fractorum
776 692 928 729 superficie
953 693 1151 731 inveniendis,
1174 702 1268 724 ortum
1296 705 1379 725 suum
1403 697 1521 734 habeat,
1545 700 1623 734 quod

110 743 180 773 haec
201 743 320 780 lympha
344 743 374 772 in
401 744 570 780 gelatinam,
591 749 619 771 et
643 743 708 771 dein
733 743 763 772 in
786 743 980 780 cartilaginem
1001 743 1089 780 atque
1106 755 1158 782 os,
1180 753 1323 782 transeat,
1346 748 1426 783 quod
1456 749 1539 778 etiam
1565 751 1620 778 sub

109 793 256 831 periosteo
278 793 392 823 divulso
418 801 447 823 et
471 794 610 823 morboso
636 794 808 831 exsudetur,
831 796 910 831 quod
930 796 1028 832 itaque
1047 797 1112 826 calli
1137 798 1226 835 magis
1247 799 1401 836 modulus,
1425 809 1507 835 quam
1536 808 1623 830 mate-

105 845 184 881 ries,
210 845 248 874 sit
263 845 460 882 periosteum,
484 846 562 882 quod
577 846 716 874 tumidum
738 845 851 882 quidem
872 846 952 880 fieri,
972 853 1000 876 et
1019 847 1071 876 hac
1091 849 1201 878 ratione
1219 857 1344 879 extrema
1362 850 1471 879 ossium
1491 851 1621 881 diffracta

105 897 274 933 continere,
304 905 364 926 non
388 903 500 932 autem,
532 906 604 933 quae
628 903 673 926 est
700 898 738 926 du
759 898 872 927 Hameli
897 899 1058 935 sententia,
1081 902 1248 938 prolongari
1272 909 1358 938 atque
1389 908 1475 938 super
1509 903 1617 932 ossium

103 951 200 980 soluta
220 955 344 978 extrema
361 949 473 978 revolvi
491 948 597 985 possit.
634 949 718 986 Quae
735 949 764 978 in
778 950 864 978 tertio
883 950 970 988 hujus
991 950 1209 981 Dissertationis
1226 953 1337 989 capite,
1356 960 1442 988 atque
1461 953 1490 982 in
1509 955 1616 991 altera,

107 1001 192 1032 Actis
217 999 342 1030 Medicis
367 999 504 1029 Parisinis
532 999 659 1035 inserta,
690 1000 940 1029 Commentatione
964 1002 1047 1038 (64)
1088 1003 1294 1039 continentur,
1325 1003 1440 1032 silentio
1467 1005 1620 1040 praeterire

107 1052 246 1091 debemus
264 1050 348 1088 (65)
360 1072 370 1086 ,
393 1057 544 1080 monentes
562 1058 663 1080 contra
681 1051 769 1086 haec,
788 1060 803 1080 a
815 1045 1018 1090 Doct.²Troja
1036 1053 1165 1083 instituta
1177 1075 1187 1090 ,
1210 1054 1402 1090 experiinenta
1413 1054 1514 1083 acriter
1528 1055 1622 1084 insur-

99 1103 207 1134 rexisse
217 1103 307 1133 Dect.
325 1101 424 1138 Brun,
446 1101 476 1131 in
488 1101 739 1131 Commentatione
756 1111 804 1132 an.
818 1104 888 1139 1781
908 1103 1079 1133 Academiae
1094 1105 1202 1142 Regiae
1218 1105 1361 1135 Parisinae
1376 1107 1519 1142 praelecta
1533 1106 1613 1143 (66)

137 1150 255 1185 Οέ’,5ἰυιῃ
275 1151 340 1183 calli
359 1153 477 1191 genesin
496 1162 510 1181 e
531 1141 753 1190 prolongatione
779 1163 934 1190 vasorum,
958 1164 993 1184 ex
1010 1163 1136 1192 utroque
1154 1159 1220 1187 osse
1237 1156 1329 1185 fracto
1359 1156 1543 1193 exeuntium,
1570 1164 1612 1186 at—

100 1216 165 1245 que.
177 1216 211 1235 ex
230 1204 382 1235 accedente
397 1213 488 1234 succo
510 1212 594 1232 osseo
608 1224 618 1240 ,
640 1204 792 1240 explicavit
807 1204 898 1234 Doct.
920 1204 1048 1236 Callisen
1060 1228 1070 1243 ,
1094 1205 1142 1243 qui
1161 1202 1286 1244 gallinae'
1297 1201 1394 1237 tibiam
1413 1206 1518 1244 fregit,
1540 1209 1619 1245 ejus-

100 1267 158 1295 que
181 1264 338 1293 utrumque
356 1263 514 1286 extremum
536 1255 687 1291 tantopere
708 1264 723 1284 a
741 1264 772 1284 se
791 1255 912 1286 invicem
935 1257 1081 1294 distraxit,
1103 1265 1136 1287 ut
1155 1258 1267 1296 insigne
1285 1258 1360 1303 inter
1379 1266 1530 1295 utramque
1549 1268 1617 1296 par-

96 1316 155 1339 tem
176 1308 300 1346 spatium
317 1307 510 1337 inveniretur:
533 1306 586 1335 hac
609 1306 719 1335 ratione
744 1306 863 1343 gallinae
889 1307 986 1337 tibiam
1006 1309 1176 1346 dispositam
1200 1310 1312 1345 tenuit,
1334 1316 1439 1346 atque,
1470 1317 1537 1346 post
1561 1311 1615 1339 ali-

100 1351 181 1397 ⁴quod
203 1366 338 1396 tempus,
368 1366 501 1395 magnum
523 1358 659 1387 volumen
685 1357 847 1396 referente,
878 1361 951 1389 callo
976 1366 1132 1397 utrumque
1154 1367 1324 1406 extremum,
1345 1362 1531 1399 conjunctum
1557 1361 1612 1391 ite·

95 1421 160 1441 rum
183 1411 259 1441 vidit
282 1408 380 1448 (67).
574 1409 576 1411 ’
881 1413 884 1414 ’
927 1413 929 1415 “
1164 1416 1167 1417 ’

132 1462 257 1491 Partiurn
274 1461 304 1490 in
320 1461 438 1490 ossibus
463 1460 693 1497 deperditarum,
713 1467 798 1497 atque
815 1460 943 1491 Naturae
963 1471 1019 1499 ope
1043 1470 1270 1500 regeneratarum
1283 1485 1293 1499 ,
1319 1466 1448 1501 exempla
1468 1465 1609 1493 dederunt

91 1513 158 1543 Viri
174 1512 359 1551 „Doctissimi
384 1512 489 1542 Tenon
511 1510 596 1550 (68)
632 1519 661 1542 et
697 1512 798 1542 David
817 1513 924 1551 (69),
967 1514 1017 1550 qui
1048 1515 1151 1544 ultimo
1175 1517 1241 1544 loco
1272 1515 1403 1559 laudatus
1432 1516 1485 1544 Vir
1511 1516 1603 1545 Doct-

1520 1575 1606 1602 expe-

124 1628 207 1663 (64)
226 1626 287 1655 Vid.
306 1627 464 1653 Germanica
478 1627 568 1653 versio
582 1628 601 1654 1.
619 1629 639 1655 l.
657 1635 716 1661 pag.
732 1635 887 1662 177—200.
1122 1662 1123 1668 1

125 1674 209 1710 (65)
228 1674 310 1700 Conf.
329 1674 519 1700 commentarii
534 1673 566 1699 de
585 1674 657 1700 Reb.
677 1675 702 1699 in
719 1675 762 1701 Sc.
781 1675 874 1701 Natur.
894 1681 921 1699 et
947 1675 1052 1702 Medic.
1071 1671 1152 1708 gestis
1175 1670 1348 1704 VoIL'XXIV.
1367 1684 1426 1709 pag.
1442 1676 1604 1708 628—630.

88 1724 123 1751 Α.
144 1724 179 1749 G.
196 1721 324 1748 Richters
339 1720 529 1753 Chirurgische
547 1720 714 1747 Bibliothek.
733 1725 786 1747 2ter
803 1720 885 1748 Band.
904 1729 964 1754 pag.
983 1722 1046 1755 677.

121 1767 206 1803 (66)
224 1769 273 1794 Sur
290 1768 313 1793 la
328 1767 472 1801 pretendue
491 1767 676 1798 regeneration
700 1767 747 1792 des
764 1774 810 1796 oe,
827 1767 888 1793 dans
908 1768 947 1792 les
965 1768 1116 1795 Memoires
1135 1767 1167 1794 de
1185 1768 1319 1803 Toulouse
1333 1787 1341 1799 ‚
1359 1769 1436 1795 Tom.
1447 1768 1469 1795 Ι.
1489 1775 1548 1801 pag.
1559 1768 1602 1800 65.

88 1815 232 1848 Praecipua
255 1813 332 1846 hujus
352 1814 469 1840 auctoris
494 1819 646 1846 argumenta
662 1814 716 1846 legi
734 1821 847 1846 possunt
864 1815 889 1840 in
913 1815 1034 1843 Diction.
1053 1814 1100 1840 des
1122 1815 1226 1842 Sciene.
1244 1815 1373 1841 Medical.
1400 1815 1477 1841 Tom.
1491 1815 1600 1841 XXXV.

85 1870 147 1897 pag.
167 1863 216 1895 356
231 1869 307 1894 seqq·

124 1908 206 1944 (67)
221 1908 301 1935 Vidd.
319 1908 511 1935 Annotationes
528 1908 600 1934 circa
619 1908 714 1933 callum
731 1907 848 1938 ossium,
860 1908 886 1933 in
895 1909 971 1934 Actis
981 1909 1123 1935 Societatis
1141 1908 1245 1935 Medic.
1261 1907 1341 1934 Hafn.
1360 1907 1471 1935 Tom.1.
1489 1915 1513 1934 a.
1523 1913 1598 1940 1777.

86 1955 133 1983 De
150 1956 232 1982 variis
248 1955 310 1982 calli
329 1955 542 1987 impedimentis,
560 1955 586 1980 in
603 1955 723 1982 Collect.
741 1955 867 1982 Societat.
886 1955 1037 1982 Hafniensis
1060 1957 1120 1984 Vol.
1131 1955 1168 1983 11.
1186 1962 1246 1988 pag.
1265 1956 1321 1987 189.

123 2001 204 2036 (68)
222 2002 283 2029 Vid.
303 2002 423 2028 Histoire
441 2001 474 2027 de
491 2000 655 2027 l’Academie
670 2001 718 2026 des
735 2002 858 2027 Sciences
880 2003 955 2036 1778.
997 2031 999 2033 ,

123 2048 211 2082 (69)
228 2048 308 2076 Vidd.
328 2049 520 2076 Observations
536 2055 582 2074 sur
600 2056 651 2075 une
669 2048 783 2075 Maladie
792 2048 869 2082 d'os,
888 2056 994 2077 connue
1012 2057 1072 2076 sous
1091 2049 1116 2075 le
1132 2056 1193 2075 nom
1205 2048 1406 2079 -deNecrose,
1424 2054 1469 2081 par
1484 2046 1526 2073 M.
1540 2047 1590 2071 Da-

86 2095 151 2129 vicl,
166 2097 237 2123 Paris
257 2097 375 2129 178280.

845 2141 874 2172 H
895 2150 912 2172 2
