1930 2448
329 113 654 145 COMMENTATIO
682 121 724 142 AD
756 111 1070 151 QUAESTIONEM
1091 113 1303 145 MEDICAM.
1543 120 1582 155 85

74 217 92 236 υ
111 206 174 227 rum
190 196 344 226 coalitione
362 197 560 226 inosculentur
576 197 689 231 denuo,
711 203 796 231 atque
813 195 851 224 ita
871 195 1017 225 circulatio
1042 206 1093 233 per
1111 199 1287 226 vulneratam
1313 203 1421 233 partem
1446 198 1578 227 restitua-

74 269 92 285 ,‚
112 255 176 284 tur,
199 264 235 270 —
259 248 376 277 indubie
397 249 522 285 probant
538 257 573 277 ex
592 247 731 277 industria
748 253 830 283 capta
847 247 1049 283 experimenta.
1090 249 1174 278 Pullo
1193 258 1223 279 v.
1243 258 1269 278 c.
1291 249 1474 286 frangebatur
1489 259 1577 287 crus,

72 321 90 337 „
110 307 137 329 et
154 300 228 329 facta
243 300 308 329 dein
326 300 511 335 reductione,
531 299 770 336 exspectabatur,
790 298 880 326 donec
897 306 947 333 per
963 300 1066 327 callum
1084 300 1159 328 ossis
1176 300 1244 329 unio
1263 300 1339 330 facta
1358 310 1449 337 esset,
1479 311 1577 331 carnes

72 371 91 388 „
110 357 177 380 tunc
197 351 361 380 successive
378 351 486 380 circum
505 359 538 380 os
558 349 831 387 perscindebantur3
855 350 894 377 ita
912 356 943 377 ut
960 350 1051 386 prima
1069 351 1209 380 incisione
1228 361 1348 387 carnes,
1372 362 1422 389 per
1440 355 1578 391 {partem

72 423 90 439 ,‚
111 403 201 431 cruris
228 402 491 437 circumferentiae,
515 401 549 430 ad
569 402 672 430 callum
698 408 811 435 usque,
834 399 1029 429 dividerentur
1048 408 1075 430 et
1095 411 1129 430 os
1154 412 1273 438 quoque
1299 405 1438 440 scalpello
1464 404 1579 432 derade-

71 474 89 491 „
109 460 207 490 retur,
232 463 291 490 quo
318 460 416 482 sanato
434 454 570 487 vulnere,
593 453 680 480 altera
703 450 784 479 tertia
801 460 866 488 pars
892 451 1037 488 carnium,
1060 462 1093 482 os
1118 455 1322 491 ambientium,
1345 456 1430 485 simili
1452 456 1580 485 sectione

70 527 89 543 „
110 506 308 543 dividebatur,
342 513 369 535 et
395 505 526 540 tandem,
552 503 629 532 facta
653 504 805 532 vulnerum
830 503 990 540 tennione,
1029 505 1108 540 quod
1131 505 1272 543 integrum
1304 508 1395 536 adhuc
1435 514 1581 544 supererat

69 558 182 595 „inter
208 559 277 588 duas
303 557 467 592 cicatrices,
497 555 595 584 eodem
622 555 708 583 modo
733 554 898 584 secabatur:
934 563 966 584 ut
991 563 1083 586 autem
1107 557 1180 587 nihil
1206 558 1321 588 indivisi
1346 559 1579 595 relinqueretur,

67 631 84 648 „
104 610 143 639 ita
165 610 386 639 instituebantur
411 608 588 646 posteriores
613 606 794 642 incisiones,
823 614 855 636 ut
884 607 993 643 aliquid
1018 608 1100 638 etiam
1124 607 1263 638 formatae
1292 611 1348 648 jam
1378 609 1523 640 cicatricis
1544 610 1580 638 iis

68 682 86 698 „
106 661 408 698 comprehenderetur.
460 659 532 689 Post
561 658 717 696 perfectam
751 659 950 696 sanationem,
981 667 1132 690 mactatum
1160 661 1262 690 animal
1289 663 1384 690 cultro
1421 661 1581 691 anatomico

66 731 85 747 „
105 711 332 749 subjiciebatur,
375 718 403 740 et
430 710 507 740 facta
532 710 689 749 injectione
718 719 770 747 per
796 710 926 740 arteriam
954 711 1141 749 femoralem,
1172 713 1215 742 uti
1241 720 1269 742 et
1296 722 1349 750 per
1376 722 1476 742 venam
1505 711 1581 741 circa

66 762 271 799 „inferiorem
304 763 395 792 crur1s
429 769 561 798 partem,
591 770 742 798 utramque
770 764 914 793 materiem
942 765 1075 803 injectam
1108 775 1159 803 per
1187 766 1312 796 tennitas
1342 773 1435 802 partes
1463 773 1579 794 sursum

66 833 86 850 ‚,
106 820 133 842 et
158 814 293 842 deorsum
317 813 356 842 ita
380 820 543 850 penetrasse
568 814 680 849 patuit,
710 820 741 843 ut
765 824 816 851 per
839 824 939 845 carnes
965 817 1074 853 ubique
1097 818 1226 853 dispersa
1253 827 1283 846 se
1308 817 1507 846 exhibuerit'’.

105 885 125 902 „
145 865 177 894 Si
201 873 290 901 porro
315 864 499 900 consideres,
522 865 600 901 quod
627 872 722 902 partes
747 867 881 901 quaedam
907 876 941 897 ex
965 868 1079 899 anImali
1104 878 1228 906 corpore
1254 876 1399 904 resectae,
1422 869 1464 897 uti
1487 870 1578 898 calcar

66 938 85 955 „
105 918 259 947 rescissum
284 926 299 947 e
333 919 404 955 pede
429 919 514 955 galli,
536 926 564 948 et
590 920 676 956 capiti
702 919 819 949 alterius
845 920 932 957 galli,
953 922 1021 949 loco
1044 920 1153 949 ablatae
1181 919 1301 954 cristae,
1324 919 1482 955 insertum,
1512 928 1578 948 cum

64 990 84 1007 „
103 971 179 999 alius
204 969 332 998 animalis
356 978 479 1006 corpore
501 970 644 1006 exquisite
663 971 815 1007 uniantur,
836 971 934 1007 ibiqne
958 971 993 999 ad
1016 972 1115 1007 plures
1136 969 1219 999 etiam
1244 970 1367 1006 pollices
1393 977 1575 1005 excrescant,

63 1041 84 1063 η
105 1028 134 1051 et
150 1022 176 1051 si
193 1023 240 1052 vel
260 1022 289 1051 in
308 1023 425 1052 homine
448 1023 576 1058 exempla
599 1022 752 1051 habeamus
771 1022 894 1058 partium
913 1028 1083 1051 resectarum
1106 1021 1201 1050 denuo
1227 1020 1420 1056 reunitarum,
1445 1020 1578 1055 quemad-

64 1093 83 1110 ‚‚
103 1073 219 1113 modum
244 1072 274 1101 in
299 1072 488 1108 sequentibus
509 1073 637 1109 patebit,
663 1082 696 1102 an
722 1074 807 1103 talem
831 1073 998 1103 reunionem
1025 1073 1090 1110 quis
1114 1072 1285 1110 explicuerit
1306 1072 1414 1108 absque
1438 1080 1574 1103 vasorum

62 1145 82 1164 „
100 1124 252 1156 accedente
274 1124 506 1154 inosculatione?
527 1125 657 1163 (23)”.

199 1202 230 1239 §-
250 1210 281 1238 4.
324 1200 402 1239 Quid
417 1201 531 1231 tandem
551 1211 587 1230 ex
605 1202 659 1231 bdc
678 1203 790 1242 lympha
805 1202 864 1239 fic?
885 1202 1044 1241 Quomodo,
1065 1203 1204 1232 Naturae
1224 1209 1289 1241 ope,
1308 1203 1441 1241 partiam

577 1254 735 1284 molliorum
755 1256 887 1283 reuniom'
905 1256 1048 1284 inservit?

95 1330 259 1370 Lympham
277 1331 423 1369 plasticam
442 1331 602 1369 principem
623 1332 705 1361 istam
724 1332 862 1368 praebere
881 1331 1026 1360 materiem
1045 1331 1237 1368 glutinosam,
1260 1340 1292 1360 ex
1312 1332 1369 1367 qua
1386 1332 1461 1366 tela,
1485 1337 1570 1366 quam

59 1384 150 1420 vulgo
175 1385 342 1412 cellulosam
371 1390 497 1420 vocant,
526 1383 653 1413 universi
677 1383 808 1419 corporis
833 1382 917 1412 basIn
942 1382 1142 1419 constituens,
1172 1382 1303 1419 proxime
1330 1382 1487 1417 formetur,
1524 1390 1573 1409 su-

57 1442 111 1472 pra
127 1434 250 1471 (§·2.)
274 1434 413 1463 dicentem
437 1434 596 1464 audivimus
615 1434 870 1464 Blumenbachium
894 1434 999 1472 (24),
1028 1435 1111 1472 cujus
1140 1434 1210 1463 dicti
1236 1434 1385 1464 veritatem
1408 1433 1460 1461 hac
1485 1433 1500 1468 §
1524 1432 1573 1460 de-

59 1486 271 1515 monstrandam
289 1494 351 1515 esse
373 1485 534 1522 credimus,
558 1493 609 1522 ut,
632 1493 767 1522 quantum
787 1485 852 1514 fieri
870 1485 984 1522 possit,
1006 1486 1184 1522 explicetur,
1208 1485 1355 1522 quomodo
1375 1483 1493 1520 corpori
1511 1484 1574 1512 vul-

57 1536 176 1566 neribus
208 1537 302 1566 illatae
329 1537 469 1576 injuriae,
505 1537 632 1567 miranda
664 1537 793 1566 Naturae
817 1536 953 1566 facultate
980 1537 1079 1574 (25),
1108 1537 1195 1574 huJus
1220 1536 1356 1573 lymphae
1385 1532 1573 1571 coagulabilis

57 1594 135 1624 ope,
163 1588 287 1624 reparari
311 1589 436 1624 possint.

95 1638 279 1668 Praecedenti
303 1639 320 1675 §
346 1639 570 1676 explicavimus,
594 1649 751 1677 quaenam,
771 1640 889 1677 lympha
906 1640 1028 1678 plastica
1047 1640 1077 1670 in
1093 1638 1262 1669 vulneribus
1281 1638 1404 1668 formata
1417 1658 1427 1673 ,
1449 1637 1478 1666 in
1497 1636 1572 1666 vasis

59 1688 229 1726 sanguiferis
257 1689 405 1719 obtineant
428 1692 619 1728 mutationes,
647 1693 669 1721 i.
697 1701 724 1722 e.
756 1701 906 1728 quemnam
931 1693 999 1721 haec
1022 1700 1189 1728 processum
1215 1692 1366 1719 salutarem
1397 1688 1568 1717 instituant:

57 1748 136 1773 nunc
158 1746 253 1772 autem
283 1740 481 1778 explicandum
501 1749 566 1779 est,
589 1751 726 1779 quaenam
752 1743 783 1773 in
805 1743 869 1780 ipsa
892 1743 947 1772 hac
968 1743 1086 1781 lympha
1106 1740 1278 1771 mutationes
1305 1739 1471 1774 obtineant,
1501 1745 1574 1773 quo-

1511 1797 1576 1818 mo·

90 1874 170 1912 (23)
188 1876 378 1911 Experimenta
397 1876 456 1910 illa,
479 1883 546 1911 quae
565 1884 578 1905 a
600 1879 683 1907 Doct.
707 1878 811 1905 Bezoet
833 1875 991 1909 afferuntur,
1017 1876 1136 1904 instituta
1153 1881 1215 1903 sunt
1232 1881 1246 1901 a
1266 1875 1309 1901 Cl.
1326 1872 1360 1900 du
1377 1871 1498 1900 Hamelio
1510 1889 1518 1903 2
1544 1876 1572 1896 et

60 1924 185 1957 leguntur
203 1923 229 1950 in
249 1921 395 1951 Memoires
413 1923 446 1949 de
464 1924 628 1951 l'Academie
647 1925 693 1951 des
707 1927 833 1952 Sciences
852 1929 919 1959 pour
935 1925 994 1952 l’an.
1007 1924 1080 1958 1746.

86 1967 172 2005 (24)
192 1971 318 2004 Quocum
332 1972 416 1998 Conf.
429 1971 600 2003 Meckenus,
620 1972 765 1998 Ha11dbuch
785 1977 854 2001 etc„
871 1972 896 1998 11
909 1969 960 1998 Th.
977 1978 1031 1998 2te.
1043 1970 1125 1998 Abth.
1143 1977 1203 2004 pag.
1213 1977 1247 2003 49
1263 1976 1324 2008 seq.»

91 2014 174 2050 (25)
191 2018 322 2050 „Natura
338 2017 469 2051 siqnidem
487 2019 542 2044 sola
559 2017 698 2050 medetur,
717 2020 775 2052 pari
794 2018 922 2049 solertia,
940 2016 1060 2051 partibus
1077 2016 1256 2047 mollioribus,
1275 2011 1493 2048 quemadmodum
1510 2012 1573 2037 soli·

60 2061 127 2095 „dis
137 2071 146 2094 ς
156 2069 242 2096 neque
259 2071 371 2096 unquam
384 2066 448 2091 artis
464 2066 563 2091 auxilio
580 2065 694 2098 indiget,
707 2072 758 2090 nou
771 2065 850 2097 magis
867 2068 944 2096 quam
954 2063 986 2089 ad
997 2065 1093 2090 callum
1110 2062 1302 2096 generandum,
1317 2061 1369 2087 nisi
1383 2057 1570 2093 impediatur.''

57 2106 122 2136 vid.
140 2108 171 2137 Ρ.
190 2110 305 2143 campet
324 2109 357 2137 de
375 2110 445 2144 Ung.
465 2117 493 2139 et
509 2110 648 2145 Emplastr.
664 2112 746 2138 abusu
762 2111 782 2137 1.
796 2118 821 2138 c.
839 2116 968 2143 pag.732.
