1961 2438
691 87 1126 122 οῖΒᾺΤ-ιο.»
1596 95 1638 127 ‚3

196 186 267 231 lpse
286 188 416 229 quoque
439 189 640 213 narramus
667 179 786 210 mirum
804 183 962 221 quantum
991 177 1026 208 in
1046 174 1211 219 Dioptrica
1238 173 1461 207 Astronomica
1482 172 1627 217 profecit.

155 244 205 279 cn
216 253 277 274 nis
287 252 307 274 'r
318 253 328 272 1
339 252 387 272 AN
397 250 439 272 us
461 249 538 271 vero
564 248 587 268 H
597 247 702 268 Uenu
713 245 725 268 1
734 246 752 267 n
763 246 778 266 s
804 239 930 266 nostras
940 270 943 272 v
960 234 1118 265 annulum
1147 233 1275 264 Saturni
1302 231 1468 275 exposuit,
1497 230 1631 273 hujusce

154 305 298 346 primum
309 324 318 338 ‚
344 301 400 342 qui
417 297 578 335 innotuit,
603 294 769 326 satellitem
794 293 876 325 vidit
890 292 1025 336 primus,
1080 291 1234 323 Ceterum
1252 295 1284 320 et
1308 295 1416 320 motus
1428 311 1438 327 ‚
1473 289 1529 330 qni
1562 299 1634 318 cnr-

155 369 229 401 vam
248 363 399 400 sequatur
408 380 418 394 ,
443 354 567 387 invenit
583 352 697 395 legem.
737 362 768 382 w
776 360 788 383 1
797 361 816 382 t.
824 362 843 382 L
851 361 869 381 E
878 361 896 380 Β
907 361 925 380 n
935 360 954 380 o
964 360 983 380 n
995 360 1014 378 n
1024 359 1044 379 U
1055 358 1070 379 s
1092 358 1107 378 s
1117 358 1136 378 N
1148 358 1166 378 Ε
1174 358 1192 377 L
1201 356 1237 378 m
1248 357 1267 378 u
1276 357 1291 377 s
1304 369 1313 385 ,
1336 344 1561 377 Eratosthenes
1582 343 1635 375 ille

153 416 288 446 Batavus
298 437 308 452 ‚
337 423 444 444 veram
471 413 584 442 Terrae
609 408 765 447 ambitus,
788 418 846 451 per
872 416 982 437 arcum
1013 403 1201 442 Meridiani‚
1224 402 1413 435 dimetiendi
1443 400 1634 433 methodum

152 470 402 509 demonstravit,
422 474 454 500 et
479 467 519 499 ad
540 466 706 510 physicam
730 464 942 498 Refractionis
966 463 1125 494 theoriam
1154 463 1241 493 viam
1269 460 1423 491 munivit.

197 585 350 618 Posthaec
374 591 543 618 cassum
570 580 728 613 industria
755 579 911 623 singulari
942 578 1043 622 magiS
1070 575 1207 619 perfecta
1244 575 1306 608 fuit
1333 574 1439 615 Solis,
1462 579 1498 605 ut
1527 579 1558 604 et
1589 573 1644 603 Sa-

155 643 294 675 tellitum
316 642 421 680 Jovis,
445 640 628 682 horumque
643 637 818 681 Eelipsium
841 636 981 675 theoria;
1004 645 1125 679 perque
1151 644 1227 665 eum
1258 633 1367 670 Jovis,
1400 631 1516 663 Martis
1542 631 1643 662 Vene-

152 702 266 743 risque
286 699 425 736 rotatio,
450 703 588 741 quatuor
605 695 732 726 Saturni
746 693 900 725 Satellites
914 717 924 731 ‚
949 703 1035 723 unus
1061 690 1193 734 quidem
1213 689 1405 733 Hugeniano
1420 687 1477 719 illo
1499 698 1516 717 a
1535 686 1642 729 plane-

154 763 186 789 ta
217 756 372 788 remotior
403 761 466 786 tres
501 763 580 785 vero
617 752 801 795 propiores,
833 757 902 782 tum
940 756 972 780 et
1006 747 1170 780 Zodiacale
1203 746 1315 778 lumen
1340 746 1565 776 innotuerunt.
1597 761 1643 769 —

154 815 279 845 Interea
299 820 505 843 HEvELlns
529 815 599 840 tum
627 808 724 851 longe
742 807 873 838 meliora
900 806 1108 839 Astronomis
1134 804 1347 835 instrumenta
1372 801 1539 845 praebuit,
1571 807 1642 831 tum

155 871 280 914 primus
308 870 419 900 Lunae
443 865 690 910 topographiam
716 864 801 895 mira
830 862 979 895 exhibuit
1012 861 1190 905 diligentia.
1239 860 1323 891 Dein
1350 867 1641 890 FLAmernius

156 935 436 966 HALLElusque
463 921 737 965 hemisphaerium
771 926 947 961 utrumque
980 910 1075 950 novis
1110 917 1256 948 ditarunt
1290 915 1409 954 stellis;
1459 914 1515 945 Ille
1543 915 1640 945 etiam

157 985 268 1014 Lunae
289 981 448 1011 theoriam
476 979 585 1009 denuo
613 976 795 1013 accuravit,
815 975 1082 1018 Planetarumque
1104 984 1238 1010 cursus,
1262 971 1392 1003 calculis
1421 971 1557 1014 positis,
1583 981 1642 1012 per

156 1036 293 1081 :rabulas
310 1035 484 1075 indicavit3
529 1034 588 1066 Hic
610 1044 692 1066 vero>
710 1031 904 1076 praeclaram
918 1032 1087 1075 Temporis
1110 1031 1311 1074 aequationis
1328 1028 1488 1061 rationem
1506 1028 1637 1071 reperit.

223 1204 292 1246 Sed
315 1221 428 1243 vereor
455 1220 557 1254 prope
582 1210 620 1242 A.
633 1210 674 1242 A.
697 1207 804 1240 HJL!
829 1217 870 1239 ne
901 1206 1057 1239 Virorum
1081 1202 1307 1236 excellentium
1337 1201 1456 1246 quibus
1489 1197 1637 1230 seeulum

156 1265 318 1299 decimum
349 1268 545 1310 septimum,
577 1265 722 1297 seculum
751 1263 834 1296 illud
864 1263 1015 1295 scientiae
1047 1268 1175 1293 nostrae
1205 1271 1279 1292 vere
1305 1269 1460 1296 aureum,
1495 1256 1640 1287 abundat

155 1322 258 1362 adeo,
277 1329 314 1354 ut
338 1334 435 1366 quem
460 1323 571 1355 ceteris
589 1321 763 1366 praeferam
779 1344 787 1358 ,
814 1308 912 1363 quem
932 1325 1126 1362 postponam
1144 1320 1199 1349 vix
1227 1316 1410 1353 inveniam,
1440 1324 1552 1345 vereor
1579 1312 1639 1354 igi·

144 1385 210 1410 jur
235 1390 276 1410 ne
303 1380 490 1411 memoriam
515 1390 628 1411 eorum
651 1377 828 1410 excolendo
851 1383 956 1409 vestra
981 1387 1071 1407 nunc
1104 1375 1217 1406 abutar
1246 1373 1432 1404 attentionis
1465 1369 1635 1411 indulgen-

144 1437 212 1481 'fiat
259 1436 304 1467 Sit
328 1438 428 1478 igitur
459 1446 517 1467 sua
548 1438 666 1479 cuique
692 1446 752 1479 pro
781 1435 905 1465 meritis
930 1432 1119 1475 dignissima
1145 1431 1241 1470 laus,
1274 1432 1315 1462 sit
1339 1427 1476 1471 singulis
1497 1437 1553 1469 per
1586 1434 1638 1453 me

155 1491 282 1523 debitus
311 1492 439 1536 honor3
469 1492 561 1524 liceat
590 1503 667 1524 vero
695 1491 736 1523 ad
765 1490 859 1522 illum
886 1500 1058 1533 properare
1083 1490 1256 1520 Summum
1276 1487 1415 1521 Virum,
1440 1483 1516 1524 qul,
1550 1480 1636 1523 prio-

154 1559 226 1579 rum
247 1560 445 1593 quamquam
467 1549 715 1594 aequaliumque
746 1548 889 1580 inventis
911 1554 942 1578 et
959 1547 1137 1578 observatis
1164 1544 1305 1576 multum
1331 1539 1482 1581 adjutus,
1521 1548 1580 1568 suo
1595 1543 1639 1567 ta·-

153 1614 229 1634 men
264 1605 417 1645 ingenio,
451 1612 488 1634 ut
515 1606 662 1634 miraculi
696 1608 796 1634 instar
822 1605 883 1639 sit,
917 1594 1048 1632 sublirili
1078 1608 1206 1633 tantum
1236 1597 1361 1631 valebat
1392 1597 1481 1640 ipse,
1515 1601 1551 1625 ut
1577 1592 1638 1624 sub

151 1660 277 1692 exitum
298 1659 363 1692 fere
383 1659 481 1692 seculi
501 1670 620 1692 novam
650 1659 787 1690 omnino
814 1657 952 1690 formam
977 1658 1207 1689 Astronomiae
1240 1654 1403 1687 indueret.

197 1775 245 1805 De
268 1783 417 1805 isaaco
440 1784 639 1806 urwromo
668 1782 720 1805 me
740 1772 832 1816 loqui
852 1778 967 1815 sponte
995 1770 1177 1813 intelligi-tis
1210 1768 1317 1802 A.A.!
1352 1767 1460 1810 Quem
1480 1774 1554 1796 cum
1577 1771 1632 1803 ap·

156 1830 263 1874 pello,
296 1832 349 1862 vix
375 1831 459 1862 mihi
482 1838 649 1873 tempero,
681 1831 781 1873 quin,
811 1836 1009 1872 quantopere
1044 1829 1103 1860 Vir
1134 1827 1187 1859 ille
1218 1823 1502 1869 incomparabilis,
1536 1825 1567 1850 et
1596 1817 1636 1847 ad

143 1889 320 1926 *velamem
344 1898 411 1929 quo
430 1887 556 1919 vultum
578 1888 732 1918 haetenus
748 1885 870 1917 celabat
886 1887 1027 1922 Natura,
1053 1882 1290 1916 detrahendum
1317 1887 1431 1917 natus,
1453 1877 1492 1908 de
1507 1875 1635 1907 cunctis

157 1954 288 1985 quoque
317 1950 349 1974 et
376 1944 554 1975 Matheseos
585 1950 614 1974 et
645 1943 792 1985 rhysices
828 1941 974 1984 partibus
1002 1943 1136 1972 meritus
1164 1943 1225 1979 sit,
1265 1938 1375 1970 itidem
1406 1935 1486 1966 mihi
1511 1931 1634 1976 praedi·

154 1999 293 2031 candum
321 2010 388 2031 esse
409 2006 531 2044 putem,
576 1999 637 2031 Sed
654 2002 888 2032 Astronomum
917 2009 1005 2029 nunc
1024 1998 1227 2041 potissimum
1255 2002 1448 2039 spec-tainus⁴

973 2042 979 2053 ι

899 2113 922 2143 Β
947 2119 964 2152 3
1571 2100 1628 2134 ille
