1930 2448
368 113 685 148 COMMENTATIO
705 124 749 146 Ao
771 112 1078 153 QUAESTIONEM
1100 115 1312 147 MEDIC'AM.
1535 125 1586 145 101

80 202 246 240 operatione
279 201 359 238 puris
387 200 510 230 secretio
532 200 748 237 imminuitur,'
765 198 858 229 omnis
885 201 1102 228 carunculai·um
1127 206 1301 235 apparatus,
1332 197 1382 235 qui
1408 198 1438 227 in
1471 200 1587 228 vulnere

78 254 243 289 invenitur,
266 253 295 281 in
319 259 450 281 mutuum
469 258 634 281 contactum
655 252 768 293 veniat,
790 252 916 280 confluat
940 258 968 279 et
988 256 1174 285 concrescat,
1195 251 1305 286 absque
1322 259 1357 278 eo
1375 257 1427 285 ut,
1451 258 1586 280 monente

76 304 224 334 Meckelio
246 304 352 341 (40),
374 303 506 332 materies
531 303 664 339 quaedam
686 302 832 336 animam,
851 308 945 338 partes
962 302 1046 330 hasce
1063 302 1228 338 glutinans,
1247 302 1416 330 assumenda
1440 302 1588 333 videatur.-

64 346 176 392 ''Atque
201 356 252 384 hac
271 355 383 391 quidem
402 354 511 383 ratione
529 355 620 393 (41)
638 354 760 391 pristina
781 353 871 390 partis
891 355 1055 382 vulneratae
1079 353 1240 382 restituitur
1258 352 1427 390 integritas,
1448 354 1482 381 ad
1499 363 1583 389 quam

74 413 169 436 tamen
195 406 350 435 faciendam
381 405 490 441 aliquid
520 414 638 442 quoque
667 404 800 434 conferre
824 404 956 440 videtur,
984 414 1000 433 a
1026 404 1124 433 multis
1154 404 1322 432 auctoribus
1349 404 1513 441 indicatus,
1543 408 1588 434 la-v

73 457 187 486 biorum
214 458 344 487 vulneris
365 459 534 494 collapsus,
556 463 584 485 et
603 457 819 485 caruncularum
846 456 952 484 sensim
974 457 1069 484 locum
1094 455 1201 484 habens
1228 456 1404 486 contractio.

113 509 240 538 Simulac
263 509 360 545 itaque
384 509 440 537 hoc
469 508 556 536 modo
582 508 672 545 partis
705 509 817 536 solutae
841 507 912 536 unio
943 507 1074 536 restituta
1099 507 1157 542 sit,
1189 513 1302 536 externa
1326 508 1455 537 vulneris
1482 518 1584 546 super-

70 559 153 588 ficies
176 560 283 597 tegitur
302 559 456 592 cicatrice,
475 561 580 597 quus,
604 568 638 587 ex
654 559 772 596 lympha
791 560 981 596 coagulabi-li,
1006 558 1207 588 formationem
1229 559 1354 595 quisque
1371 559 1499 590 Naturae
1521 568 1585 590 stu·

70 611 169 640 diosus
195 611 280 640 facile
303 611 456 640 observare
483 611 604 648 poterit.
653 611 684 639 Si
705 610 839 639 nimirum
868 606 928 640 cuti
953 611 1119 647 imponatur
1142 610 1340 647 Emplastrum
1368 611 1581 641 Vesicatorium

67 663 102 692 ad
128 662 210 691 oboli
237 662 482 700 magnitudinem,
506 662 545 692 ita
566 669 598 691 ut
623 661 787 699 Epidermis
815 663 942 691 elevetur
964 668 992 690 et
1015 661 1169 690 vesiculam
1189 663 1266 698 aqua
1290 662 1434 699 impletam
1458 664 1581 699 referat,

67 715 153 751 siq-ue
177 722 246 745 tunc
275 715 401 744 cuticula
428 716 518 751 haec,
549 715 591 744 sie
617 717 747 752 elevata,
777 716 895 743 tollatur
919 720 947 742 et
976 714 1058 750 plaga
1088 712 1213 742 sauciata
1238 714 1431 751 examinetur,
1463 722 1583 752 apparet

65 766 170 802 facile,
203 766 376 802 epidermide
404 767 538 802 sublata,
569 767 715 803 lwnpharn
745 765 952 802 coagulabilem
981 763 1113 799 secerni,
1149 765 1240 801 eaque
1270 767 1366 795 locum
1397 768 1579 795 vulneratum

66 818 190 847 obduci:
213 819 283 848 haec
301 819 440 855 lympha,
463 819 488 847 si
511 827 564 855 per
582 818 694 854 aliquot
717 817 778 846 dies
795 817 852 846 sibi
871 816 1086 851 committatur,
1108 824 1176 844 mox
1200 815 1280 845 aliam
1306 817 1417 846 inducit
1437 817 1578 853 formam,

65 877 94 899 et
119 870 206 899 modo
231 870 351 907 aliquo,
379 870 464 900 nobis
490 869 659 907 incognito,
686 870 719 898 in.
744 869 834 906 ipsam
862 868 1022 897 cicatricem
1053 873 1191 896 mutatur.
1241 868 1319 897 Idem
1345 868 1425 897 hicce
1451 869 1579 899 Naturae

63 930 220 958 processus
247 921 359 952 obtinet
379 931 518 959 quoque,
540 922 565 951 si
588 930 648 951 non
664 928 775 950 tantum
793 919 997 958 epidermidis,
1020 920 1071 949 sed
1088 918 1179 955 ipsius
1206 928 1324 955 quoque
1348 921 1443 957 cutis,
1469 923 1579 959 jactura

64 974 160 1001 locum
187 972 318 1002 habuerit
339 974 442 1012 (42).
492 975 666 1009 Plerumque
690 979 782 1003 autem
811 971 886 1001 vires
914 971 1044 1000 Naturae
1065 970 1260 1001 medicatcices
1287 972 1375 1001 cutim
1403 981 1465 1013 non¹
1487 982 1577 1008 aeque

63 1023 142 1053 bene·
156 1024 306 1053 restituere
327 1032 472 1061 possunt,
498 1034 530 1055 ac
551 1025 774 1062 epiderrnidem,
795 1025 879 1061 cujus
907 1030 1005 1051 ortum
1028 1021 1202 1050 recentiores
1223 1031 1258 1049 ex
1276 1024 1425 1051 secretione
1450 1023 1587 1061 quddam.

63 1075 139 1103 siccat
163 1075 304 1111 explicare
323 1077 446 1111 solent,
464 1085 594 1112 quaeque
618 1076 735 1112 itaque,
757 1076 782 1104 si
807 1074 948 1104 sententia
969 1074 1018 1103 illa
1037 1082 1105 1102 vera
1127 1072 1165 1101 sit
1174 1093 1191 1108 ‚=
1207 1082 1258 1109 per
1283 1074 1415 1110 lymphae
1439 1075 1575 1111 plasticae

63 1126 253 1156 secretionem
271 1126 406 1156 facillime
423 1126 536 1155 restitui
561 1127 688 1164 poterit,
712 1127 737 1156 si
758 1126 850 1155 ablata
868 1125 957 1154 fuerit
978 1125 1082 1162 (43).
1124 1124 1280 1162 Quaeritur
1297 1131 1389 1154 autem
1402 1147 1412 1161 ‚
1439 1135 1576 1162 quaenam

59 1177 98 1207 sit
119 1178 216 1214 ratio,
244 1179 323 1214 quod
347 1178 423 1208 cutis
450 1178 595 1214 deperdita
621 1178 785 1207 difficillime
813 1177 1004 1212 restituatur,
1035 1176 1096 1206 sive
1123 1176 1309 1212 quamobrem
1337 1177 1485 1206 cicatrices
1512 1180 1571 1214 ple-

58 1237 182 1265 rumque
202 1230 297 1259 minus
323 1230 442 1258 decorae
465 1238 528 1258 esse
552 1230 687 1258 soleant?
717 1230 815 1265 Atque
840 1229 927 1266 hujus
950 1227 1066 1264 quide-m
1094 1227 1135 1256 rei
1158 1228 1255 1263 plures
1276 1228 1342 1256 dari>
1361 1237 1448 1265 posse
1477 1229 1577 1259 viden-

58 1285 107 1307 tur
130 1279 270 1309 rationes.
312 1281 362 1309 Sic
381 1290 412 1310 v.
430 1289 455 1310 c.
478 1289 512 1309 eo
537 1281 688 1317 pulchrior
704 1289 732 1310 et
752 1280 841 1317 magis
861 1281 962 1308 decora
982 1279 1037 1308 erit
1060 1279 1178 1308 cicatrix
1189 1300 1207 1316 ,-
1223 1289 1281 1316 quo
1305 1279 1400 1309 minus
1418 1289 1552 1310 vasorum
1563 1298 1578 1317 ,1

56 1331 203 1367 lympham
231 1332 438 1369 coagulabilem
465 1332 697 1369 secernentium,
719 1331 828 1361 fabrIca
854 1338 883 1360 ee
907 1330 1026 1360 functio
1045 1340 1060 1359 a
1084 1337 1161 1360 statu
1185 1332 1311 1360 naturali
1336 1332 1525 1369 recesserint,
1547 1340 1575 1361 et

57 1389 178 1417 contra,
202 1391 237 1411 eo
257 1383 347 1420 magis
377 1384 470 1420 turpis
495 1390 522 1412 et
544 1383 684 1412 deformis
711 1383 830 1412 cicatrix
857 1382 930 1418 erit,
955 1391 1013 1418 quo
1036 1383 1142 1419 magIs,
1164 1389 1232 1420 post
1253 1382 1503 1412 inflammationem
1526 1393 1575 1413 ve-

57 1433 261 1463 hementiorem
288 1443 503 1472 praegressum,
527 1435 655 1465 omnium
677 1434 799 1471 partium
822 1434 937 1463 habitus
961 1434 999 1462 sit
1020 1440 1146 1463 mutatus
1161 1455 1172 1468 ,
1195 1434 1234 1463 ita
1256 1441 1288 1463 ut
1305 1435 1357 1463 hae
1381 1435 1572 1464 secretionem

55 1483 228 1520 instituant,
251 1494 267 1514 a
290 1493 366 1515 statu
391 1487 512 1516 normali
537 1487 657 1516 maxime
676 1487 814 1515 alienam:
837 1486 872 1514 ad
889 1494 973 1521 quam
995 1486 1134 1520 rationem
1161 1485 1269 1514 accedit
1293 1486 1365 1514 aeris
1390 1487 1570 1523 atmosphae·

56 1535 109 1564 rici
132 1535 280 1572 influxus,
311 1545 339 1566 et
361 1537 469 1566 similes
495 1539 631 1574 quaedam
659 1538 863 1573 conditiones,
894 1545 964 1573 quas
987 1538 1207 1573 praetereundas
1238 1547 1300 1566 esse
1323 1538 1429 1573 credo,
1452 1545 1484 1566 ut
1505 1546 1572 1567 cau-
1617 1569 1625 1576 .

55 1595 114 1616 sam
146 1588 294 1624 quamdam
327 1597 568 1627 commemorem,
609 1598 680 1626 quae
711 1589 846 1627 inprimis
874 1588 1039 1618 cicatricum
1067 1588 1240 1618 deformium
1276 1588 1396 1626 genesin
1428 1588 1569 1626 explicare

1504 1649 1574 1677 pos-1

129 1727 145 1747 ὀ
187 1722 205 1748 l.
220 1727 245 1748 c‘.
289 1728 304 1746 a
322 1741 330 1748 .
382 1718 399 1750 ‚⁷

86 1720 169 1801 {21}
194 1729 287 1797 Couffii
304 1730 333 1793 {a
344 1729 447 1803 ‚39quae
471 1769 551 1796 habet
576 1768 620 1797 Cl.
638 1770 707 1803 John
732 1770 835 1796 Hunter
859 1770 885 1794 in
909 1769 1001 1794 'ri-aize
1023 1766 1058 1794 du
1084 1776 1146 1802 sang
1168 1774 1222 1796 etc.
1248 1769 1320 1796 Pam
1340 1770 1376 1796 [Ι.
1406 1768 1490 1802 Chap.
1506 1768 1568 1795 VH.

53 1812 108 1840 Des
130 1816 309 1847 granulations
338 1816 362 1848 §.
384 1823 476 1849 1—4.
500 1817 563 1842 Vol.
580 1816 630 1842 111.
651 1824 710 1848 pag.
729 1817 772 1842 188
784 1824 893 1849 —207.-

87 1861 165 1894 (42)
188 1880 204 1893 ,‚
223 1862 325 1887 Natura
339 1863 424 1894 enim,
442 1864 557 1895 quaelin
579 1869 658 1888 carne
680 1869 793 1888 carnem-
804 1869 930 1895 generat,
949 1869 979 1889 ut
995 1863 1035 1889 vis
1056 1862 1163 1889 cutifica
1181 1864 1209 1889 in
1229 1868 1290 1889 cute
1315 1868 1406 1889 cutem
1424 1862 1562 1895 generat.'²

52 1905 115 1933 vid.
133 1907 276 1933 sennertus
297 1908 372 1935 Libr.
386 1909 420 1936 V.
447 1910 516 1936 Part.
532 1917 559 1935 2.
578 1909 644 1941 Cap.
659 1917 685 1936 2.
946 1896 948 1900 ,

86 1951 168 1987 (43)
186 1954 221 1981 H.
241 1955 260 1980 l.
282 1953 398 1980 indicare
422 1956 501 1982 liceat
522 1956 677 1989 duplicem,
703 1963 779 1989 quam
798 1957 900 1983 citatam
919 1957 1029 1986 inveni,
1055 1956 1350 1992 DissertationemrJos.
1369 1954 1470 1982 Thadd.
1490 1955 1564 1980 Klin-

52 2000 137 2025 koseh
156 2000 267 2033 (ReSP.
292 2001 334 2027 Fr.
357 2001 497 2036 Herman)
520 2003 552 2028 de
580 2004 643 2029 vera
666 2004 759 2028 natura
784 2005 917 2030 cuticulae
943 2010 968 2028 et
990 2003 1047 2035 ejus
1065 2005 1288 2035 regeneratione,
1313 2005 1389 2035 Prag.
1405 2009 1478 2036 1771.
1503 2002 1574 2027 8310,

51 2046 97 2072 Fr.
120 2046 233 2072 Hermam
254 2048 327 2074 Diss.
346 2048 379 2074 de
401 2050 467 2075 vern
493 2050 584 2076 natura
612 2051 746 2076 cuticulae
776 2050 888 2082 ejusque
912 2051 1089 2076 renovatione,
1107 2050 1181 2083 juxra
1207 2057 1321 2076 sensum·
1338 2051 1373 2076 D.
1396 2047 1541 2074 Klinkosch
1555 2062 1575 2079 ,-

53 2098 127 2126 13775.
154 2094 223 2120 8vo..

817 2139 856 2172 N<
870 2149 893 2179 3:
