1961 2438
343 106 386 139 '28
853 98 889 131 C.
977 97 1294 129 EKA'MA

344 199 468 237 ceptam
496 189 700 234 gratulamur,
752 188 845 217 Seros
873 185 908 217 in
931 195 1033 217 annos
1057 186 1108 216 Tu·
1131 184 1332 216 administres
1352 182 1452 216 laetus
1483 183 1574 217 felix!
1606 203 1642 210 —
1674 189 1757 219 Sum'

342 253 386 282 Te
410 248 528 292 gaudio
552 255 657 277 coram
680 242 874 286 adspicimus
899 241 1169 284 experientissime
1198 241 1490 273 nzmwAnnm!
1538 243 1595 273 Pet·
1617 244 1721 275 varios
1754 254 1804 276 ca.

345 316 399 338 sus
420 315 476 348 per
497 310 542 334 tot
569 300 752 333 discrimina
777 309 885 330 rerum
923 297 1047 329 salvum
1077 303 1108 327 et
1137 297 1330 328 incolumem
1363 298 1406 327 Te
1434 300 1469 328 in
1494 299 1627 340 patriam
1659 298 1812 340 rediisse,

345 369 382 393 ut
404 369 515 391 omnes
545 357 669 389 dudum
693 354 840 398 gratulati
863 360 939 385 sunt
963 352 1189 396 gaudentque,
1210 355 1252 385 ita
1276 359 1307 384 et
1327 363 1406 392 uos,
1431 356 1466 385 in
1485 353 1639 385 Ordinem
1658 362 1806 388 nostrum

345 416 433 461 quod
443 419 485 447 Te
505 415 641 456 recipere
662 411 838 453 contingit,
860 410 968 452 magni
992 419 1256 443 BRUGMANstt
1275 420 1507 446 successorem,
1536 408 1690 441 laetamur
1711 412 1805 445 vehe-

347 478 480 504 menter.
524 471 660 501 Naturae
684 467 791 499 studio
813 468 884 504 Tu,
918 466 976 509 qui
995 466 1094 498 animi
1110 468 1157 498 tui
1175 465 1269 497 ardor
1289 473 1356 505 est,
1381 473 1485 498 totum
1502 472 1532 497 te
1551 466 1718 499 devovisti.
1763 469 1807 500 Ut

343 529 490 560 scientiae
516 524 653 558 naturali
677 522 840 567 prodesses
864 523 1118 565 quammaxime,
1141 524 1273 565 ejusque
1298 522 1379 554 fines
1397 521 1553 566 proferres
1570 521 1738 562 latissime,
1765 524 1804 557 iis

341 584 542 628 praesertim,
563 592 645 625 quae
663 580 748 624 apud
778 579 907 611 ultimos
934 579 1023 611 Eoos
1050 579 1189 610 latebant
1216 579 1389 619 hactenus,
1419 579 1645 622 exquirendis,
1669 591 1805 623 cognos-

341 640 469 678 cendis,
490 637 730 682 comparandis,
748 635 788 667 ad
811 646 871 667 nos
895 635 1166 674 transmittendis,
1195 635 1285 667 nulla
1313 636 1380 667 non
1408 635 1513 667 adiisti
1537 636 1699 678 pericula,
1724 637 1799 670 nul·

341 697 390 728 los
412 708 477 727 non
504 694 668 726 exantlasti
690 692 836 730 labores3
861 691 911 722 his
939 703 1016 723 vero
1043 699 1109 723 tam
1141 693 1307 723 immensis
1330 691 1618 723 felicitertandem
1648 691 1800 724 dei'uncto

339 752 410 784 Tibi
435 750 644 794 gratulamur.
688 748 862 791 Auspicato
876 750 927 779 Tu
943 747 1032 780 brevi
1058 748 1150 779 adeas
1174 759 1296 780 novum
1316 755 1411 780 tuum
1438 746 1575 779 munus!
1625 749 1693 780 vita
1716 759 1806 780 nunc

340 811 446 851 quieta
469 807 532 837 frui
558 803 667 837 detur!
713 805 824 835 Otium
855 804 927 835 Tibi
949 811 986 836 ut
1013 804 1227 836 honorificum
1241 827 1250 842 ‚
1268 805 1355 851 itaet
1370 810 1514 847 gratum,
1534 804 1617 835 inter
1635 815 1694 835 nos
1715 815 1807 847 agere

345 865 509 905 contingat
527 868 558 893 et
576 859 763 892 amoenum!
798 860 898 892 Vivas
913 860 970 892 diu
985 867 1016 892 et
1033 860 1104 892 Tibi
1119 867 1151 892 et
1166 861 1311 892 scientiis
1326 864 1390 892 tuis
1405 868 1436 892 et
1455 860 1647 891 Academiae
1664 867 1809 903 nostrae,

344 926 382 951 ut
398 919 544 951 laborum
568 924 697 949 tuorum
721 916 844 949 fructus
867 916 1047 949 uberrimos
1065 918 1220 961 percipias
1244 918 1333 962 ipse,
1354 917 1534 961 percipiant.
1550 916 1683 948 omnes!

385 1033 506 1063 interea
530 1042 607 1064 vero
630 1030 709 1062 dum
734 1037 862 1074 optatus
888 1030 941 1061 ille
969 1031 1174 1062 Reinxvardtii
1198 1031 1232 1062 in
1261 1034 1395 1074 patriam
1424 1031 1545 1062 reditus
1566 1030 1806 1074 exspectabatur

346 1088 451 1119 adhuc
464 1111 474 1129 ‚
507 1087 545 1118 ad
568 1087 716 1118 Chemiae
735 1087 897 1118 docendae
916 1087 1000 1119 vices
1027 1087 1220 1131 supplendas
1241 1087 1281 1118 ab
1303 1086 1516 1130 Amplissimis
1540 1086 1728 1118 Academiae
1745 1089 1817 1119 Cu·—

342 1144 521 1182 tatoribus,
545 1143 678 1175 honoris
703 1155 812 1184 causa,
836 1143 1006 1176 invitatum
1025 1144 1142 1177 Virum
1166 1145 1420 1185 Docfissimum,
1442 1143 1618 1175 Medicinae
1635 1145 1813 1175 Doctorem

342 1200 429 1242 apud
450 1211 508 1231 nos
528 1201 809 1243 expertissimum,
838 1210 927 1231 nunc
954 1210 1052 1239 vero,
1087 1201 1175 1244 quod
1199 1201 1375 1238 laetamur,
1399 1199 1601 1243 designatum
1625 1201 1660 1230 in
1689 1199 1808 1231 illustri

343 1256 687 1290 Amstelodamensium
711 1255 876 1289 Athenaeo
904 1256 1068 1288 Chemices
1097 1256 1332 1295 Professorem,
1363 1265 1580 1289 IIBNRICUM
1613 1266 1810 1287 emotum

342 1322 420 1344 vAn
446 1324 518 1344 nun
540 1324 643 1345 noos*
667 1324 815 1352 mnscn,
837 1312 1065 1344 subsidiarium
1093 1312 1153 1344 hoc
1174 1324 1258 1344 onus
1284 1314 1319 1344 in
1342 1323 1376 1345 se
1400 1313 1595 1355 suscepisse,
1631 1312 1665 1343 id
1688 1311 1736 1344 itti
1760 1321 1811 1345 acc

345 1376 473 1412 ceptum
498 1380 586 1401 nuno
608 1380 648 1401 ex
668 1369 777 1400 animo
804 1369 987 1401 referimus».

394 1483 579 1515 Gaudemus
611 1490 642 1515 et
669 1485 714 1515 Te
742 1485 907 1516 accessisse
937 1486 1113 1517 Doctorum
1150 1486 1356 1530 publicorum
1395 1495 1533 1518 numero
1569 1482 1818 1525 diligentissime*

351 1541 643 1573 nrmmnnoizx!
675 1542 749 1585 qui,
769 1542 888 1585 quibus
911 1549 1048 1573 utuntur
1069 1544 1182 1587 populi
1209 1546 1365 1582 Orientis,
1381 1543 1579 1584 Linguarum
1599 1539 1750 1577 scientia,
1771 1547 1813 1568 ex

345 1596 508 1637 thmefi,
529 1597 641 1629 Palmii
665 1605 696 1629 et
722 1598 890 1630 llamakeri
912 1599 1102 1642 disciplina,
1132 1601 1260 1642 copiose
1282 1602 1475 1633 instructus,
1508 1595 1605 1626 simul
1630 1602 1662 1624 et
1688 1592 1811 1624 Mathe·

343 1655 474 1684 matteas
492 1654 702 1697 Physicasque
725 1661 808 1686 artes
832 1666 852 1686 a
877 1665 1135 1696 εννΙΝυΕΜο,
1159 1659 1312 1688 omnium.
1334 1658 1496 1697 quotquot
1516 1650 1567 1681 his
1591 1648 1706 1680 studiis
1722 1659 1812 1680 nunc

345 1709 523 1748 excellunt,
548 1710 636 1741 facile
660 1712 826 1755 Principe,
848 1712 1001 1751 edoctus,
1025 1725 1084 1744 nec
1103 1724 1205 1744 meam
1230 1712 1420 1754 dedignatus
1449 1707 1707 1743 institutionem,
1731 1705 1811 1736 Aca·

347 1763 467 1796 demiae
501 1773 627 1797 nostrae
660 1767 830 1808 alumnus,
862 1769 966 1801 eidem
996 1769 1062 1811 jam
1101 1770 1200 1812 digne
1229 1768 1425 1804 vindicaris,
1456 1762 1684 1807 Angustissimi
1716 1760 1811 1803 Regis

344 1820 508 1860 Decreto,
536 1823 728 1855 Auctoribus
756 1825 941 1856 Academiae
968 1827 1194 1863 miratoribus,
1226 1824 1267 1855 ad
1293 1824 1433 1855 Lectoris
1454 1827 1588 1854 vocatus
1608 1827 1748 1856 munus,
1771 1823 1812 1848 eo*

346 1878 529 1917 praesertim
556 1880 712 1919 consilio,
738 1886 774 1912 ut
794 1882 853 1924 qui·
875 1883 909 1912 in
931 1883 1086 1913 ditissima
1113 1880 1308 1912 Bibliotheca
1336 1885 1445 1910 nostra
1469 1876 1615 1909 orientali
1643 1873 1809 1906 invenian-

350 1936 403 1962 tur
423 1933 555 1965 Codices
580 1936 806 1979 Manuseriptt,
829 1938 1008 1977 Mathesin‚
1031 1939 1195 1980 Physicam
1224 1943 1256 1968 et
1280 1935 1518 1968 Astronomiam
1537 1937 1731 1976 spectantes,
1754 1937 1809 1959 eos

347 1986 459 2020 sedulo
486 1990 651 2033 explores,
680 1999 712 2023 et
737 2004 819 2035 quae
842 1994 876 2025 in
903 1995 942 2025 iis
966 1994 1069 2025 bonae
1094 1995 1196 2037 {rugis
1215 2003 1282 2024 esse
1308 1991 1494 2028 videantur,
1517 1990 1551 2019 in
1573 1989 1687 2019 harum
1715 1983 1810 2017 disci·

346 2041 507 2084 plinarum
525 2047 731 2079 commodum
751 2057 928 2083 convertas.
974 2052 1025 2082 Sic
1050 2058 1085 2082 tu
1115 2050 1257 2093 profecto
1277 2048 1451 2081 rectissime
1472 2044 1640 2084 consules,
1663 2050 1810 2079 commu-

1776 2106 1812 2128 m
