1930 2448
367 119 598 151 RESPONSIO
619 128 662 150 An
693 117 1005 159 QUAESTIONEM
1036 119 1369 155 THEOLOGICAM·
1602 138 1641 168 25

110 204 154 236 cis
185 203 214 234 in
240 203 372 233 'medium
400 203 521 242 prolatis
551 203 708 241 exemplis,
743 202 896 233 adhibendi
924 203 1046 234 subinde
1070 204 1236 235 adminiculi
1257 206 1402 243 propositi
1430 209 1627 240 necessitatem

111 257 362 286 demonstremus.

146 307 214 337 Etsi
235 307 368 336 lubenter
386 307 586 342 concedimus,
609 305 685 336 haud
700 313 807 342 paucos
826 306 959 335 statuisse
978 305 1170 343 interpretes,
1199 307 1368 345 Analogiam
1391 309 1537 340 doctrinae
1554 320 1624 341 con-

110 359 257 389 sulendam
270 366 333 387 esse
348 358 383 386 iis
406 358 435 387 in
450 358 522 387 locis
533 379 543 394 ,
566 367 638 394 quae
658 358 807 386 commode
823 358 879 386 alio
896 358 982 387 modo
1001 358 1136 394 explicari
1153 359 1268 394 possint
1284 366 1312 388 et
1333 361 1455 390 debeant
1466 382 1475 394 ‚
1493 362 1625 398 inprimis

108 411 140 440 in
168 409 208 439 V.
231 410 290 446 F.,
319 410 403 448 cujus
429 409 548 439 rationis
573 411 604 438 in
631 409 821 445 sequentibus
846 409 968 444 plurima
994 415 1145 437 occurrent
1169 411 1316 447 exemp1a3
1340 412 1420 440 salvo
1447 418 1540 441 tamen
1568 421 1629 445 me.

108 462 175 492 liori
196 461 305 500 judicio
333 469 464 491 constare
492 461 627 496 videtur,
656 460 685 489 in
716 460 754 488 V.
779 459 812 489 F.
843 459 926 488 etiam
952 461 1016 488 loca
1040 461 1178 489 nonnulla
1197 468 1278 496 esse,
1312 470 1383 497 quae
1403 463 1558 492 secundum
1581 473 1627 493 sa-

106 521 159 544 nas
175 512 411 543 Hermeneutices
436 514 548 549 regulas
566 511 703 548 explicari
726 518 890 547 nequeant,
912 510 968 540 nisi
991 511 1035 539 his
1062 511 1178 547 illisve,
1207 520 1278 547 quae
1304 511 1332 541 in
1353 514 1505 549 permultis
1525 514 1567 543 N.
1587 515 1624 545 F.

106 566 181 595 locis
212 565 281 595 satis
311 565 467 602 perspicue
491 564 660 599 tradantur,
692 563 721 592 in
747 563 906 591 subsidium
937 562 1059 591 vocatis.
1100 563 1167 591 Huc
1192 562 1294 592 referri
1319 570 1419 600 posset
1448 564 1556 593 oraculi
1584 563 1628 593 di-

105 615 168 646 vini
193 616 331 652 effatum,
355 616 433 646 Gen.
458 625 493 652 3:
520 623 566 651 15.
606 613 747 653 Equidem
770 615 937 643 inimicitias
960 615 1106 652 positurus
1131 622 1191 641 sum
1207 634 1218 648 ,
1255 614 1334 649 quod
1368 615 1514 649 quomodo
1547 615 1626 643 salva

107 667 204 697 divina
227 667 380 697 sanctitate
398 666 614 703 intelligendum
633 665 689 701 sit,
712 674 746 694 ex
766 664 908 701 Analogia
926 665 1073 694 doctrinae
1091 665 1125 693 de
1149 664 1332 693 Providentia
1358 665 1504 702 dijudicari
1527 666 1622 695 debet.

109 719 241 750 Addatur
257 727 292 747 ex
309 719 407 747 eodem
427 718 501 748 libro
519 718 622 752 locus,
644 717 682 746 C.
701 724 761 753 50:
781 726 830 746 20.
851 716 923 752 ubi,
945 725 1003 752 quo
1015 725 1102 745 sensu
1120 715 1230 745 dicatur
1242 716 1323 745 Deus
1338 715 1486 751 effecisse,
1500 717 1577 752 quod
1588 717 1622 745 ab

106 773 170 810 ejus
184 778 286 800 natura
302 770 453 799 abhorrere
467 769 616 804 videatur,
639 774 699 796 tum
724 765 835 796 demum
851 767 1017 804 apparebit,
1040 767 1064 796 si
1082 768 1177 796 Iocum
1196 768 1231 796 ad
1246 766 1452 797 Grammatices
1471 769 1548 804 leges
1574 777 1624 797 ex-

103 823 244 862 plicatum
265 820 447 851 conferamus
464 829 528 850 cum
545 820 600 856 iis,
624 829 696 857 quae
714 819 866 857 perspicue
889 818 990 848 tradita
1018 818 1092 848 sunt
1105 818 1175 848 Act.
1195 828 1230 848 2:
1253 827 1289 848 22
1315 828 1384 856 sqq.
1415 827 1469 848 nec
1497 827 1557 848 non
1582 827 1622 854 4:

105 882 165 912 27,
184 875 232 904 28.
276 873 333 901 Sed
361 871 491 909 inprimis
519 881 577 901 rem
599 878 726 901 nostram
745 872 809 901 loca
829 871 979 907 sequentia
997 871 1118 906 probare
1144 870 1300 907 videntur,
1329 879 1401 908 quae
1426 870 1544 900 omnino
1569 869 1623 899 rite

106 924 240 961 explicari
263 931 431 960 nequeunt,
452 924 508 953 nisi
528 923 558 953 in
584 923 625 954 N.
648 923 683 952 F.
704 929 801 959 aperte
828 921 931 950 tradita
953 921 983 950 in
1006 921 1143 950 auxilium
1166 929 1317 953 vocentur.

142 975 177 1006 In
204 975 255 1005 Ps.
276 983 332 1013 45:
354 983 371 1012 7
401 975 535 1005 carminis
554 982 655 1004 auctor
675 974 807 1012 Regem,
838 981 922 1010 quem
945 973 1129 1008 alloquitur,
1152 976 1277 1010 appellat
1301 954 1465 1025 Ε’ΠῙῚὲζ,
1497 982 1556 1010 quo
1575 973 1620 1011 ip-

103 1045 139 1067 so
160 1037 277 1067 nomine
298 1046 364 1066 mox
392 1046 420 1068 c.
445 1039 460 1066 8
496 1038 589 1067 Deum
612 1038 785 1074 compellat3
816 1042 844 1064 et
871 1036 960 1073 huJ'us
985 1034 1100 1070 quidem
1129 1036 1277 1071 nominis,
1303 1036 1334 1065 in
1358 1036 1454 1064 eadem
1481 1035 1619 1065 orationis

103 1089 179 1119 serie
201 1090 246 1117 bis
273 1089 415 1125 adhibiti,
437 1098 496 1119 non
520 1098 605 1126 parva
631 1097 695 1119 esse
712 1088 828 1118 videtur
851 1087 910 1117 vis.
951 1085 982 1116 Si
1008 1092 1152 1122 praeterea
1185 1086 1341 1115 attenditur
1362 1086 1397 1115 ad
1428 1086 1555 1116 omnium
1586 1087 1621 1116 de

104 1141 164 1170 hoc
189 1147 269 1169 tanto
296 1139 378 1177 Rege
402 1141 632 1178 praedicatorum
651 1142 778 1170 colorem
794 1139 962 1176 poeticum,
985 1138 1128 1175 interpres
1152 1137 1201 1168 vix
1226 1146 1258 1166 ac
1281 1146 1317 1168 ne
1339 1137 1391 1166 vix
1411 1137 1525 1174 quidem
1541 1138 1618 1167 hunc

102 1193 201 1230 locum
228 1191 316 1228 digno
340 1192 426 1220 modo
455 1191 643 1228 explicuerit,
664 1191 721 1220 nisi
747 1188 897 1226 confugiat
920 1189 956 1218 ad
979 1198 1034 1225 ea,
1057 1197 1129 1225 quae
1153 1188 1304 1225 permultis
1331 1187 1374 1218 N.
1392 1189 1427 1218 F.
1453 1188 1526 1218 locis
1551 1196 1620 1225 per·

102 1242 204 1280 spicue
229 1243 391 1278 docentur,
413 1241 473 1271 sive
501 1242 536 1271 ad
563 1241 733 1278 Analogiam
756 1241 903 1270 doctrinae
930 1240 1070 1269 divinitus
1098 1238 1270 1276 patefactae.

141 1293 228 1322 Dicta
256 1294 305 1322 Ps.
328 1301 368 1322 2:
389 1301 426 1330 7,
450 1301 497 1323 12.
521 1292 615 1343 {713733
632 1293 689 1336 ’22
706 1299 732 1321 ct
751 1287 792 1327 τ’)
811 1273 957 1340 ἸΞῙΓΓῑζΙ
976 1284 1100 1327 ’Ἶῖᾒὶὴ
1128 1292 1334 1321 convenienter
1366 1291 1503 1321 universo
1537 1290 1618 1320 Psal-

674 1339 681 1353 ὃ

994 1329 1009 1336 ..
1023 1328 1031 1343 ,
1058 1330 1074 1339 .

100 1356 142 1386 mi
167 1363 336 1394 argumento
361 1356 497 1394 explicari
521 1362 691 1393 nequeunt,
721 1353 779 1386 nisi
805 1353 850 1385 N.
873 1352 915 1386 T.
943 1353 1103 1383 doctrinam
1125 1353 1160 1383 de
1176 1353 1305 1383 Messiae
1328 1353 1466 1391 promissi
1486 1353 1620 1384 divinita.

102 1415 161 1438 tate
185 1410 214 1439 in
238 1408 399 1438 subsidium
427 1417 578 1439 vocemus.

137 1460 220 1499 Quae
235 1460 296 1498 Jes.
313 1469 352 1497 9:
370 1467 399 1498 5.
422 1469 512 1498 puero
532 1459 678 1491 nascituro
693 1461 810 1492 nomina
826 1461 995 1491 tribuuntur
1012 1467 1077 1489 cum
1096 1459 1216 1489 maxime
1232 1458 1415 1495 honorifica,
1443 1457 1509 1495 quis
1529 1465 1616 1494 quae-

99 1519 135 1542 so
152 1511 323 1540 intellexerit
339 1511 396 1542 nisi
412 1511 536 1541 adhibita
551 1512 595 1542 N.
608 1512 643 1542 F.
665 1513 700 1542 de
710 1512 781 1551 Jesu
797 1506 1074 1547 Christo'homine,
1092 1511 1253 1547 eodemque
1264 1517 1380 1540 naturae
1397 1510 1510 1539 divinae
1530 1515 1618 1544 atque

98 1562 211 1599 imperii
231 1562 322 1592 divini
345 1563 447 1599 socio,
465 1564 618 1593 doctrina?
658 1563 766 1593 Similis
786 1571 831 1594 est
856 1563 929 1593 ratio
946 1572 980 1592 ex
998 1563 1096 1592 eodem
1118 1563 1201 1593 fonte
1219 1563 1389 1600 repetendae
1404 1560 1616 1598 interpretatio-

98 1613 144 1644 nis
167 1615 299 1643 locorum
326 1613 378 1644 Ps.
398 1623 470 1643 110:
496 1623 522 1644 1.
557 1615 661 1652 Jerem.
684 1623 743 1651 23:
765 1622 803 1652 5,
825 1614 856 1643 6.
906 1614 1004 1643 Mich.
1027 1621 1068 1650 5¹:
1099 1622 1136 1650 1,
1159 1622 1211 1651 3.,
1251 1613 1382 1650 inprImis
1410 1611 1541 1642 vaticinii
1567 1610 1616 1649 Je-

96 1664 192 1700 saiae‚
215 1665 290 1700 Cap.
311 1673 360 1700 52·
384 1672 517 1701 13-15,
539 1672 567 1694 et
587 1674 652 1702 cap.
671 1673 722 1703 53.
745 1673 833 1702 toto,
857 1665 1014 1702 descripti,
1033 1665 1084 1694 ubi
1109 1673 1210 1701 ortus,
1232 1667 1387 1701 wewam
1408 1670 1437 1693 et
1457 1671 1534 1692 mors
1564 1661 1618 1691 mi·

94 1716 182 1747 ruistri
204 1716 279 1751 Dei,
301 1716 336 1744 de
365 1725 423 1753 quo
448 1725 541 1745 sermo
571 1723 633 1751 est,
654 1723 682 1745 et
707 1718 784 1746 salus
807 1715 842 1744 ab
870 1716 971 1744 eodem
995 1716 1131 1745 omnibus
1163 1715 1299 1753 gentibus
1324 1712 1465 1742 afferenda
1493 1713 1615 1750 ejusque

96 1767 237 1798 latissime
259 1773 360 1804 patens
385 1767 558 1803 imperium,
589 1768 684 1796 honor
708 1774 737 1797 et
766 1767 857 1804 gloria
881 1767 919 1797 ita
943 1767 1167 1803 describuntur,
1195 1773 1229 1795 ut
1249 1765 1286 1796 ad
1308 1764 1434 1795 omnium
1461 1770 1489 1793 et
1513 1764 1616 1801 singu·

95 1821 192 1850 lorum
219 1819 483 1856 interpretationem
507 1821 572 1848 luce
597 1819 734 1849 historiae
759 1819 906 1856 religionis
927 1818 997 1854 Jesu
1023 1818 1142 1848 omnino
1169 1826 1243 1854 opus
1265 1817 1316 1847 sit.
1356 1816 1498 1855 Ejusdem
1527 1824 1611 1852 gene-

98 1871 139 1900 ris
150 1878 218 1901 sunt
236 1873 298 1900 loca
310 1892 321 1907 ,
340 1870 369 1900 in
386 1870 492 1906 quibus
503 1869 683 1907 Prophetae,
704 1878 818 1908 praeter
833 1871 902 1900 haec
918 1870 1001 1899 illave
1018 1871 1131 1907 populo
1149 1868 1307 1899 israelitico
1323 1867 1405 1897 brevi
1423 1873 1493 1904 post
1513 1866 1613 1896 confe-

96 1925 184 1953 renda
204 1922 343 1953 beneficia
363 1922 475 1957 divina,
506 1922 592 1960 longe
616 1923 749 1960 majorem
774 1922 859 1952 simul
885 1929 914 1950 et
938 1920 1126 1950 illustriorem
1145 1922 1265 1949 salutem
1287 1919 1500 1957 praedixerunt.
1539 1917 1611 1948 Vid-

97 1975 230 2011 inprimis
261 1975 321 2012 Jes.
344 1982 381 2011 9:
405 1974 510 2003 1—6.
542 1974 580 2004 C.
600 1981 639 2011 45
659 1980 687 2003 et
707 1975 765 2010 61,
796 1973 847 2003 ubi
874 1981 938 2001 cum
964 1971 1106 2009 promissa
1133 1971 1301 2001 liberatione
1328 1980 1344 2000 e
1372 1969 1537 2006 captivitate
1558 1967 1613 1996 Ba·

98 2027 233 2064 bylonica
250 2027 357 2056 mentio
375 2025 447 2055 alius
460 2027 559 2063 gmulto
581 2025 668 2063 magis
688 2026 864 2063 exoptandae
882 2030 959 2054 arcte
985 2022 1118 2053 connecti
1137 2022 1272 2058 videtur,
1294 2029 1326 2051 ut
1346 2021 1380 2050 ab
1413 2029 1468 2050 una
1484 2020 1519 2049 ad
1541 2020 1611 2048 alte·

98 2087 158 2109 ram
184 2078 232 2107 fiat
255 2078 405 2109 transitus.
446 2077 480 2108 In
499 2077 667 2116 hujusmodi
690 2076 833 2108 vaticIniis
853 2074 1019 2112 saepissime
1043 2074 1078 2104 de
1098 2073 1288 2111 liberatione,
1311 2081 1395 2110 quam
1424 2070 1551 2101 Messias
1568 2071 1611 2098 al·

893 2128 921 2157 D
1571 2122 1614 2149 1²·
