1930 2448
405 111 724 144 COMMENTATIO
745 121 789 142 AD
810 111 1119 150 QUAESTIONEM
1140 112 1354 143 MEDICAM.
1595 122 1644 153 35,

66 201 71 207 '
111 198 232 232 brosius
251 198 403 229 Bertrandi
424 196 508 236 (43')
534 203 561 226 et
585 197 768 226 Hermannus
785 197 893 226 Bezoet
913 196 1018 234 (44),
1043 205 1166 233 quorum
1189 196 1313 234 priorem
1330 196 1489 232 mittimus,
1510 203 1543 225 ut
1559 205 1630 233 pos-

110 253 228 282 terioris
256 251 407 288 sequentia
432 257 617 287 argumenta,
648 249 753 286 quibus
774 258 868 279 novae
893 249 1090 284 substantiae,
1112 248 1141 277 in
1168 249 1299 286 partibus
1322 248 1504 277 mollioribus
1529 250 1631 278 vulne-

108 305 204 340 ratis,
226 303 437 341 generationem
467 302 638 339 impugnat,
668 301 794 330 breviter
817 300 942 329 indicare
964 301 1121 337 possimus.

150 365 179 386 1.
203 356 291 385 Nova
311 355 340 384 in
354 356 475 385 vulnere
495 361 590 384 renata
616 353 775 383 substantia
794 352 908 381 minime
936 351 1042 381 confici
1069 358 1167 389 potest
1184 361 1199 380 e
1215 352 1342 381 vulneris
1374 351 1473 386 hiatu,
1496 351 1549 379 sub
1565 351 1628 387 ipsa

106 408 274 443 sanatione,
296 407 431 444 paulatim
457 406 664 442 imminuente3
688 413 829 442 apparens
852 404 926 433 enim
951 404 1020 433 haec
1042 403 1197 433 incarnatio
1225 412 1278 440 pro
1302 403 1464 432 necessaria
1486 402 1628 432 labiorum

105 460 235 492 vulneris
254 458 493 488 detumescentiae
512 459 631 494 sequela
651 457 779 486 habenda
794 456 908 485 videtur
926 456 989 493 (45
999 456 1024 487 ).

147 521 179 543 2.
200 512 394 541 Vasculorum
407 516 548 538 coarctata
564 516 688 538 extrema
706 509 860 537 humorum
877 517 892 537 a
905 515 987 545 tergo
1005 508 1133 544 impulsu
1149 507 1359 542 extenduntur,
1382 508 1571 543 elongantur,
1594 506 1629 534 ad

106 572 139 595 se
153 571 255 593 mutuo
274 563 407 592 accedere
423 568 452 591 et
472 570 569 590 secum
589 569 776 590 concrescere
797 567 923 596 possunt
935 581 944 595 ‚
967 559 1030 588 sine
1045 568 1135 589 novae
1151 558 1326 588 substantiae
1342 558 1522 594 generatione
1541 558 1628 594 (46).

146 626 176 654 3.
200 617 232 644 ln
259 613 449 649 vulneribus,
479 612 602 642 notabili
633 612 809 641 substantiae
830 613 943 650 jactura
967 611 1131 645 comitatis⁷
1164 618 1276 647 praeter
1301 610 1428 638 vulneris
1451 609 1630 638 imminutio-

104 671 193 702 nem,
217 676 231 695 e
255 665 395 695 labiorum
422 663 650 694 detumescentia
675 663 845 699 oriundam,
867 664 945 692 nulla
972 662 1197 700 regenerationis
1221 662 1487 691 animadvertuntur
1505 661 1627 698 indicia,

101 725 137 749 ut
151 728 182 748 v.
203 727 231 747 c.
249 724 367 753 apparet
390 723 458 753 post
479 716 598 745 membri
617 716 739 754 alicujus
757 715 969 752 praecisionem
990 716 1052 752 (47
1063 717 1090 752 ).

143 779 175 806 4.
199 767 366 797 Substantia
384 767 432 797 illa
446 788 456 803 ‚
478 777 548 804 quae
566 768 594 797 in
613 767 717 805 capitis
735 767 904 796 vulneribus
918 788 928 803 ,
950 768 1118 796 denudatam
1133 766 1208 796 ossis
1228 766 1409 803 superficiem
1428 772 1527 803 tegens
1540 786 1550 801 ‚
1572 774 1625 801 pro

105 822 185 851 nova
212 828 296 849 carne
323 828 409 856 saepe
434 821 594 855 salutatur,
625 818 749 848 vasculis
775 818 905 847 discissis
931 820 978 848 vel
1007 819 1167 855 disruptis,
1198 819 1279 847 nullo
1306 817 1429 853 amplius
1466 818 1625 847 retinaculo

106 872 241 907 fulcitis,
264 871 522 900 intumescentibus
538 878 566 900 et
583 878 661 900 extra
680 870 754 900 ossis
774 871 957 907 superficiem
978 870 1122 907 protrusis
1135 891 1144 907 ,
1163 876 1257 899 ortum
1278 878 1362 898 suum
1381 869 1467 897 debet
1489 871 1545 906 (48
1557 871 1585 906 ).

146 932 177 961 5.
200 924 277 952 Caro
295 923 444 952 luxurians
464 924 511 951 vel
527 922 670 960 fungosa,
693 927 708 951 a
727 924 796 952 sana
810 932 914 959 carne,
937 923 1031 958 quoad
1049 922 1174 951 indolem
1197 929 1224 950 et
1247 921 1406 958 originem,
1430 929 1513 956 quam
1538 921 1630 955 maxi,

106 984 153 1007 me
169 975 304 1005 differens
316 995 326 1009 .‚
348 981 539 1011 regeneratam
560 974 748 1003 substantiam
762 983 978 1009 nonnumquam
1000 974 1137 1002 mentitur
1152 975 1214 1010 (49
1228 974 1256 1009 ).

141 1029 172 1057 6.
197 1026 456 1064 Regenerationem
474 1025 593 1062 corpori
617 1025 741 1054 humano
767 1027 814 1054 vel
841 1027 950 1054 nullam
975 1034 1057 1060 esse,
1080 1026 1126 1053 vel
1141 1025 1291 1053 admodum
1309 1024 1478 1059 limitatam,
1502 1024 1626 1060 probant

102 1078 288 1109 Medicorum
316 1077 481 1106 testimonia
504 1077 614 1113 (5ο),
646 1078 713 1106 dum
738 1076 977 1113 observationes,
1008 1085 1080 1113 quae
1110 1075 1286 1105 contrarium
1310 1075 1433 1111 probare
1466 1075 1621 1112 videntur,

97 1130 184 1160 aliam
203 1127 424 1165 explicationem
444 1127 529 1157 facile
545 1128 699 1157 admittunt
717 1131 734 1166 (
745 1137 780 1166 51
795 1129 823 1166 ).

100 1187 102 1190 ’
139 1189 171 1219 7.
194 1181 229 1210 In
245 1180 332 1218 hujus
352 1179 509 1209 sententiae
526 1179 654 1208 favorem
673 1181 755 1217 plura
770 1186 935 1217 argumenta
955 1189 991 1209 ex
1008 1180 1119 1209 ratione
1134 1179 1193 1216 peti
1205 1185 1333 1216 possunt
1350 1179 1366 1215 (
1377 1185 1414 1215 52
1424 1180 1452 1215 ).

137 1232 230 1262 Hisce
238 1231 434 1268 argumentis,
454 1240 545 1267 quae,
567 1240 631 1260 cum
645 1231 717 1261 miro
735 1231 843 1269 ingenii
858 1232 989 1261 acumine
1001 1233 1160 1269 explicata,
1174 1232 1203 1260 in
1223 1231 1288 1268 ipso
1307 1237 1424 1260 auctore
1439 1232 1621 1268 relegantur,

99 1284 224 1323 partium
248 1282 415 1312 molliorum
442 1283 659 1319 regeneratione
689 1283 834 1320 refutata,
866 1291 893 1312 et
920 1284 1137 1313 conditionibus
1161 1283 1350 1320 quibusdam,
1372 1292 1445 1319 quae
1464 1283 1499 1311 ad
1521 1285 1624 1313 vulne·

98 1345 161 1366 rum
182 1335 358 1365 sanationem
379 1335 542 1364 necessario
561 1335 768 1372 requiruntur,
791 1335 956 1372 praemissis
975 1336 1032 1372 (53
1045 1336 1060 1372 )
1073 1357 1082 1370 ‚
1111 1344 1190 1364 suam
1214 1336 1248 1364 de
1272 1336 1328 1364 hoc
1350 1341 1519 1372 argumento
1538 1335 1623 1364 tradit

99 1387 271 1417 sententiam
289 1387 380 1416 Doct.
400 1387 521 1416 Bezoet.
564 1387 590 1415 E
619 1387 758 1423 peculiari
783 1387 916 1416 nimirum
936 1387 966 1416 in
983 1376 1186 1416 cohaesionem
1210 1387 1297 1422 nisu,
1320 1395 1403 1423 quem
1431 1386 1469 1415 C.
1491 1386 1531 1415 H.
1555 1394 1622 1422 par·

99 1445 144 1468 tes
164 1439 194 1468 in
211 1448 243 1468 se
266 1446 368 1468 mutuo
388 1445 545 1474 exserunt⁷
574 1438 598 1468 si
621 1440 699 1476 justa
726 1439 779 1467 sub
805 1439 971 1467 conditione
998 1438 1027 1467 in
1053 1445 1183 1467 mutuum
1209 1445 1375 1468 contactum
1401 1439 1537 1474 veniant,
1559 1440 1625 1468 vul—

99 1499 200 1520 nerum
220 1489 396 1526 simplicium
413 1490 589 1519 sanationem
607 1490 730 1526 explicat
750 1492 763 1525 (
775 1498 810 1527 54
825 1491 837 1525 )
850 1511 860 1526 ,
877 1491 988 1519 nullum
1007 1499 1125 1519 succum
1153 1491 1302 1526 quemdam
1321 1490 1521 1519 intermedium
1539 1499 1620 1519 assu-

97 1543 182 1571 'mens
195 1562 205 1579 ,
225 1550 323 1571 veram
348 1541 564 1570 circulationem
587 1550 640 1578 per
659 1543 834 1571 vulneratam
855 1548 965 1579 partem
987 1542 1102 1571 restitui
1124 1543 1232 1571 docens
1249 1542 1355 1580 (55),
1383 1549 1468 1578 atque
1492 1549 1621 1571 naturam

1561 1602 1621 1624 non

131 1675 212 1710 (43)
229 1676 295 1704 Vid.
318 1677 415 1704 Ambr.
438 1677 599 1705 Bettrandi's
622 1676 797 1710 Abhandlung
814 1684 868 1703 von
895 1675 946 1702 den
965 1677 1180 1710 Chirurgischen
1198 1678 1397 1711 operationem,
1421 1684 1466 1703 aus
1486 1675 1546 1702 dem
1565 1677 1621 1703 ital.

97 1722 210 1757 (1763)
229 1724 380 1750 iibersetzt.
400 1725 478 1749 Wien
498 1731 562 1758 1770
575 1726 637 1750 8vo.

131 1768 211 1803 (44)
229 1769 291 1796 Vid.
311 1771 470 1796 Dissertatio
490 1770 524 1795 de
540 1770 642 1800 Modo,
661 1777 716 1802 quo
734 1770 836 1796 Natura
855 1771 971 1795 solutum
988 1769 1161 1802 redintegrat.
1181 1769 1269 1802 Lugd⁴
1287 1771 1345 1796 Bat.
1357 1770 1431 1803 1763.
1449 1777 1515 1801 quae
1531 1769 1619 1794 inser-

95 1820 122 1842 :a
137 1823 177 1842 est
197 1817 240 1843 Cl.
262 1817 296 1844 E..
313 1817 482 1848 Sandifortii,
502 1818 626 1843 Thesaur.
641 1818 758 1843 Dissert.
777 1817 855 1844 Tom.
868 1816 906 1843 111
927 1823 988 1850 pag.
999 1817 1140 1850 148—168.
1167 1817 1251 1843 Conf.
1267 1817 1415 1843 Memoires
1440 1816 1471 1841 de
1489 1815 1617 1843 1’Acade·

95 1863 150 1889 mie
167 1863 270 1896 Royale
281 1863 318 1890 de
337 1864 482 1896 Chirurgie
501 1865 612 1891 T0m.v
629 1865 702 1890 Paris
715 1871 788 1898 1774.
805 1871 866 1896 pag.
880 1871 937 1895 ¹31·

130 1906 210 1944 (45)
229 1910 292 1937 Vid.
309 1912 329 1938 1.
341 1917 370 1939 c.
387 1908 413 1943 ὃ.
425 1918 452 1944 5.
470 1918 530 1944 pag.
544 1918 592 1943 150
609 1918 666 1944 seq.
753 1911 833 1944 (46)
853 1910 913 1937 Vid.
931 1911 1001 1937 Diss.
1019 1911 1037 1936 l.
1053 1917 1079 1937 c.
1164 1909 1243 1944 (47)
1261 1909 1321 1936 vid.
1340 1910 1359 1937 i.
1375 1918 1399 1938 c⁴
1416 1910 1473 1943 §.6.
1488 1916 1548 1942 pag.
1561 1915 1617 1941 ¹51·

131 1955 210 1990 (48)
229 1956 291 1983 vid.
309 1958 370 1991 §.7.
388 1965 449 1991 pag.
463 1965 522 1989 15¹-
537 1965 593 1991 seq.
784 1957 864 1991 (49)
884 1957 946 1984 Vid.
967 1957 1028 1990 §.9.
1047 1964 1108 1990 pag.
1120 1964 1168 1990 152
1184 1964 1243 1989 seq.

99 2019 105 2027 t
127 2000 214 2038 (5ο)
231 2004 300 2031 Vid.
320 2005 346 2038 §.
363 2011 389 2037 5.
407 2012 466 2038 pag.
485 2006 643 2039 153—156.
814 2003 901 2039 (5¹)
922 2003 984 2030 Vid.
1004 2004 1029 2036 §.
1045 2011 1087 2030 11.
1105 2011 1164 2035 pag.
1182 2004 1242 2036 156.

128 2047 210 2084 (52)
226 2050 288 2077 Vid.
304 2052 323 2078 1.
341 2059 367 2079 c.
387 2051 415 2085 §§
434 2059 482 2086 14,
503 2058 534 2084 15
553 2058 580 2078 et
598 2053 638 2079 16.
656 2060 714 2086 pag.
731 2053 886 2086 157—161.
989 2049 1069 2083 (53)
1090 2049 1152 2086 ,Vid-
1175 2051 1189 2083 §
1208 2056 1250 2084 ¹7·
1267 2057 1328 2084 pag.
1342 2050 1388 2077 16¹
1409 2056 1468 2082 seq·
1491 2042 1493 2044 Ι
1532 2087 1534 2089 ,

129 2095 210 2131 (54)
228 2097 291 2127 Vid.
310 2100 329 2126 1.
346 2106 371 2125 c.
388 2097 400 2131 §
419 2100 458 2126 18.
476 2106 536 2132 pag.
557 2101 613 2127 162.
784 2098 868 2133 (55)
888 2098 949 2125 Vid.
967 2097 979 2132 §
1006 2105 1047 2131 ¹9-
1065 2105 1123 2131 pag.
1144 2098 1201 2129 163.

840 2145 907 2174 Er.
