1930 2448
285 109 318 138 18
514 107 752 145 JACOBI
800 106 1226 137 HENRICIVAN
1267 115 1359 137 DER
1399 109 1565 139 HEIM

287 190 366 221 notis
382 190 416 219 ad
435 189 511 219 Tab.
530 191 555 220 Ι.
598 190 704 227 Neque
722 191 808 219 altera
826 190 1005 219 emendatIO:
1023 191 1047 218 si
1062 189 1140 218 ambo
1154 197 1315 228 praesentes
1331 199 1383 226 pro
1393 194 1556 230 praesenti,
1578 193 1698 222 multum
1712 193 1797 224 habet

287 250 345 276 quo
362 251 392 269 se
411 242 611 278 commendet3
634 251 686 270 nec
708 241 781 270 enim
801 240 892 270 MSS.
912 241 967 270 side
988 241 1109 277 nititur,
1139 250 1190 283 nec
1210 251 1268 270 eain
1297 250 1376 271 mens
1405 242 1475 279 legis
1503 245 1649 279 postulare
1670 245 1795 276 videtur.

289 292 362 320 Cum
382 292 456 320 enim
474 292 536 328 ipse
559 292 724 322 Raevardus
744 292 804 321 litis
827 292 1016 322 addictionem
1041 293 1164 330 explicat
1183 293 1313 330 litigandi
1332 302 1502 330 potestatem
1520 294 1633 332 facere,
1658 297 1730 326 nihil
1755 304 1798 327 est

289 343 366 378 quod
382 343 506 380 judicem
527 343 664 380 impediat
680 344 833 380 quominus
855 345 927 374 hanc
955 345 1057 381 faciat,
1080 345 1189 374 etiamsi
1219 345 1268 374 uni
1294 352 1403 375 tantum
1427 347 1568 383 praesenti
1585 347 1646 376 sive
1671 356 1719 376 reo
1733 349 1797 378 sive

287 395 394 431 acroi-ig,
419 395 447 423 in
468 404 523 430 qua
540 404 570 424 re
592 396 674 424 etiam
693 405 812 432 poenam
838 404 966 433 spectare
995 405 1057 426 eum
1079 396 1127 432 qui
1156 396 1185 425 in
1208 397 1255 433 jus
1277 405 1335 425 non
1361 397 1461 432 venit,
1492 397 1575 425 docet
1598 397 1799 428 Gothofredus

287 446 321 473 ad
339 446 369 474 h.
392 448 413 475 1.
454 446 556 475 Tertia
576 447 699 483 denique
722 448 882 477 immutatio
903 450 956 477 sole
981 458 1072 477 occaso
1097 457 1151 484 pro
1176 448 1217 477 sol
1241 457 1349 476 occasus
1377 457 1430 477 nos
1453 455 1579 477 moretur
1602 458 1662 478 non
1683 458 1799 479 necesse

287 504 348 532 est,
371 506 435 526 cum
453 498 585 527 omnibus
604 506 732 528 veterum
751 499 821 528 locis
839 500 1021 535 adversatur,
1039 507 1091 528 nec
1101 499 1135 527 ad
1146 507 1261 527 sensum
1278 499 1387 535 aliquid
1401 498 1493 529 facere
1512 499 1636 529 videtur.
1667 500 1805 530 Alterum*

287 548 478 578 restitutionis
498 551 656 586 exemplum
684 550 818 586 praebere
839 556 936 586 potest
960 551 1027 585 lex,
1051 559 1122 586 quae
1143 550 1180 578 ita
1196 549 1315 585 incipit,
1343 551 1418 578 aeris
1433 550 1549 587 confessi
1562 558 1639 588 etc.;
1666 558 1694 580 et
1707 552 1800 588 primo

286 602 365 636 loco,
388 609 418 629 ut
444 609 681 637 supervacaneam
701 601 777 630 illam
799 603 994 639 conjecturam
1012 603 1141 638 acrisque
1165 600 1251 628 debiti
1265 599 1404 636 judicatis
1428 610 1482 638 pro
1509 602 1644 640 rebusque
1658 602 1800 639 judicatis

287 652 449 680 omittamus
460 672 470 687 ,
492 653 671 682 commendat
684 662 715 682 se
736 653 882 682 restitutio
899 653 1053 682 verborum
1067 652 1181 680 illorum
1203 650 1311 686 Gellii,
1337 658 1388 679 aab
1412 653 1436 679 si
1449 654 1511 690 quis
1521 653 1621 691 pseudo
1636 663 1664 682 co
1681 655 1712 681 in
1728 653 1797 690 jure

284 705 338 731 rim
358 703 428 731 dicit
440 724 450 738 ,
469 712 522 739 pro
542 703 646 739 quibus
663 713 697 732 ex
715 705 880 741 conjectura
896 703 1008 742 Cujacii
1024 702 1162 739 proponit
1178 709 1272 730 mmm
1293 701 1335 738 (i.
1349 710 1375 731 e.
1391 708 1439 730 aut
1456 702 1507 739 si)
1527 705 1594 742 quip
1606 712 1617 732 s
1636 703 1704 732 endo
1721 714 1748 733 eo
1767 704 1799 733 in

276 755 346 789 jure
365 755 468 783 vindex
489 756 552 783 esic.
595 755 728 783 Ceterum
746 755 793 784 hie
811 756 921 792 egregIe
945 756 980 784 ad
999 754 1123 792 legitima
1146 754 1233 783 verba
1252 753 1377 789 redigere
1398 760 1518 783 conatus
1547 761 1590 783 est
1608 756 1697 792 legem
1711 776 1721 791 ,
1749 764 1800 784 cu-

284 806 330 841 jus
351 813 431 834 mens
455 812 564 835 tantum
584 813 610 834 et
626 806 767 836 sententia
789 807 865 843 apud
885 806 1013 836 Gellium
1037 811 1128 835 exstat
1152 805 1223 834 Lib.
1242 805 1307 834 XX.
1332 804 1369 833 C.
1390 813 1416 833 1.
1431 825 1441 840 ‚
1463 805 1540 834 hunc
1560 805 1588 834 in
1613 806 1748 835 modum:
1767 807 1800 835 m*

283 865 344 883 crum
364 866 391 884 co
404 858 485 894 pacit
502 859 652 894 sexaginta
669 857 726 886 dies
744 859 775 886 in
793 858 913 886 ‘vinculis
930 859 1049 886 retineto
1068 864 1122 886 etc.
1136 877 1146 892 ,
1170 865 1240 893 quae
1257 856 1333 892 apud
1351 864 1413 884 eum
1432 855 1514 891 vide⁹
1536 865 1618 892 quam
1642 857 1802 886 restitutio-

285 916 347 936 nem
370 908 432 944 ipse
448 908 648 937 Gothofredus
668 917 747 937 suam
775 908 868 937 facere
887 917 946 937 non
974 908 1142 944 dedignatus
1166 914 1222 938 est.
1264 909 1335 938 Non
1358 909 1452 937 eadem
1469 908 1606 937 felicitate
1621 914 1714 938 tamen
1728 917 1802 937 sem-

286 968 336 994 per
353 961 430 995 leges
447 959 626 995 restituisse,
644 959 750 989 indicio
771 966 814 988 est
832 961 898 995 lex,
920 959 968 988 hoc
977 959 1043 998 plus
1057 968 1090 987 ne
1105 958 1200 995 facito
1211 979 1221 995 ,
1247 969 1330 995 qnam
1341 960 1379 988 ita
1395 959 1528 990 exhibet:
1547 968 1581 987 ne
1593 958 1686 996 facito
1700 967 1801 996 rogum

286 1011 384 1044 ascia,
415 1019 449 1038 ne
468 1011 567 1048 polito.
610 1011 688 1039 Haec
708 1010 782 1039 enim
812 1010 898 1039 verba
922 1011 971 1039 hoc
990 1011 1055 1048 plus
1082 1019 1115 1038 ne
1135 1010 1230 1046 facito
1258 1011 1334 1046 apud
1357 1010 1527 1040 Ciceronem
1545 1010 1579 1039 de
1597 1010 1727 1047 Legibus
1747 1011 1798 1045 ΙΙ,

286 1061 323 1088 C.
338 1067 385 1097 23.
407 1069 471 1089 cum
495 1069 554 1090 non
577 1068 653 1090 recte
674 1062 864 1098 intelligeret,
877 1060 973 1096 facito
988 1061 1023 1088 acl
1039 1060 1188 1095 sequentia
1206 1061 1373 1096 transtulit,
1388 1068 1416 1090 et
1435 1062 1484 1090 hoc
1504 1061 1567 1099 plus
1584 1070 1642 1090 non
1663 1061 1734 1097 legis
1750 1060 1808 1089 sed.

285 1110 438 1140 Ciceronis
462 1112 549 1140 verba
576 1112 778 1142 existimavit(
802 1132 820 1148 ‚‚
842 1111 916 1140 Sunt
942 1111 1015 1140 enim
1029 1130 1039 1145 ,
1060 1110 1179 1146 inquit,
1210 1111 1279 1139 haec
1300 1111 1385 1141 verba
1411 1112 1460 1140 hoc
1481 1112 1545 1149 plats
1567 1119 1627 1140 non
1651 1111 1807 1140 Decemvi..

287 1172 405 1199 rorum,
428 1164 478 1192 sed
498 1163 671 1199 Ciceronis,
695 1163 800 1199 quibus
820 1164 866 1191 lex
889 1162 937 1191 illa
961 1161 1159 1190 decemviralis
1177 1168 1318 1197 notatur,
1342 1171 1413 1197 quae
1431 1171 1446 1190 a
1467 1162 1578 1191 Solone
1600 1162 1720 1198 repetita
1736 1171 1797 1192 non

285 1223 338 1244 est.
353 1215 374 1227 ”
414 1215 517 1243 Minus
533 1220 627 1243 tamen
646 1216 740 1251 placet
757 1214 826 1243 haee
843 1219 976 1243 contorta
992 1211 1144 1241 Ciceronis
1167 1212 1226 1241 loci
1248 1212 1422 1248 explicatio,
1453 1221 1518 1241 curn
1544 1221 1604 1242 non
1629 1220 1735 1241 temere
1757 1213 1803 1241 di-

285 1275 382 1295 camus
400 1265 448 1294 tali
467 1265 697 1301 breviloquentia
720 1274 785 1294 eum
804 1273 889 1294 usum
915 1263 1031 1299 fuisse,
1061 1269 1094 1292 ut
1122 1263 1203 1292 hisce
1230 1262 1326 1291 verbis
1353 1263 1402 1291 hoc
1419 1264 1485 1302 plus
1511 1262 1584 1292 illud
1608 1263 1798 1300 intelligeret,

284 1319 333 1346 hoc
347 1318 410 1355 plus
434 1319 464 1345 in
479 1316 710 1345 decemviralibus
734 1315 839 1353 legibus
861 1317 953 1351 inest,
983 1313 1059 1352 quod
1071 1323 1126 1342 non
1149 1315 1180 1342 in
1204 1313 1310 1343 Solonis
1332 1315 1491 1343 invenitur.
1533 1313 1597 1342 Nec
1616 1314 1699 1342 etiam
1721 1322 1795 1351 opus

283 1375 327 1397 est
349 1375 381 1397 ut
404 1369 439 1397 ad
466 1367 689 1397 emendationem
714 1375 916 1402 recurramus,
945 1375 1010 1395 cum
1037 1366 1106 1395 haec
1135 1366 1224 1395 verba
1252 1366 1301 1396 hoc
1325 1366 1388 1404 plus
1413 1374 1446 1393 ne
1458 1364 1555 1401 facito
1576 1374 1691 1394 sensum
1707 1365 1803 1395 conti·

283 1426 369 1449 neant
388 1426 510 1456 aptum,
540 1425 568 1447 et
589 1418 671 1454 quasi
689 1417 916 1447 introductionis
943 1419 1009 1446 loco
1035 1423 1103 1445 sunt
1127 1417 1163 1445 ad
1190 1416 1340 1452 sequentia
1362 1415 1433 1452 legis
1462 1415 1555 1451 capita
1573 1415 1671 1452 (16).
1712 1417 1803 1445 Plura

285 1472 412 1505 exempla
426 1470 526 1498 afferre
544 1477 603 1498 non
623 1477 699 1505 opus
721 1475 785 1504 est,
802 1476 839 1497 ut
851 1475 927 1497 recte
951 1468 1061 1497 dixisse
1080 1467 1227 1497 videamur
1248 1475 1344 1495 curam
1370 1473 1398 1496 et
1415 1475 1529 1502 operam
1545 1466 1709 1496 adhibuisse
1723 1467 1798 1496 Rae·

284 1521 401 1549 vardum
413 1540 423 1555 ,
442 1527 474 1548 ut
491 1522 694 1549 nonnullarum
711 1521 807 1556 legum
829 1519 917 1548 verba
932 1519 1118 1554 res·titueret;
1143 1527 1203 1547 non
1231 1525 1325 1547 tamen
1349 1526 1413 1546 eum
1432 1526 1544 1554 semper
1570 1518 1665 1546 eadem
1683 1517 1810 1554 diligen*

282 1571 321 1599 tia
340 1579 423 1599 usum
439 1569 531 1598 fuisse
546 1571 593 1599 vel
612 1572 717 1599 multae
737 1571 806 1600 aliae
831 1572 908 1607 leges
934 1578 1053 1606 quarum
1073 1576 1184 1598 tantum
1208 1577 1287 1597 mens
1311 1568 1488 1605 explicatur,
1510 1575 1569 1597 tum
1584 1568 1650 1597 illae
1665 1567 1797 1604 inprimis

282 1621 316 1650 de
325 1621 419 1657 furtis
436 1627 590 1650 testantur.

324 1672 427 1701 Restat
451 1672 574 1707 deniqne
600 1678 633 1700 ut
659 1671 738 1707 quod
762 1670 846 1700 initio
877 1669 1001 1699 diximus
1027 1670 1229 1704 ostendamus,
1256 1668 1436 1697 Raevardum
1468 1670 1571 1697 multas
1597 1668 1728 1698 omisisse
1757 1670 1807 1698 le·-

283 1732 331 1761 ges
343 1744 352 1761 ,
370 1724 449 1760 quod
469 1723 571 1760 partim
586 1722 762 1760 negligentia
782 1721 1028 1759 partimconsilio
1051 1720 1158 1751 factum
1178 1728 1240 1749 esse
1259 1718 1346 1748 nohis
1365 1719 1500 1749 videtur..
1530 1719 1642 1750 Errore
1663 1720 1736 1750 enirn
1755 1720 1799 1749 in-

1727 1771 1807 1801 duc·

317 1863 333 1896 (
347 1863 398 1897 16)
418 1864 444 1890 Si
457 1864 533 1897 plura
552 1863 673 1896 exempla
691 1863 779 1895 cupiat
797 1862 892 1896 aliquis
906 1881 914 1894 ‚
933 1861 1008 1888 adeat
1024 1861 1195 1888 Raevardum
1213 1861 1231 1888 1.
1249 1862 1267 1887 1.
1286 1860 1353 1893 caps
1370 1866 1425 1893 15.‚
1441 1860 1488 1886 ubi
1504 1861 1531 1886 in
1554 1861 1635 1893 legem
1661 1862 1707 1893 qui
1724 1868 1792 1886 coro·

279 1918 338 1936 nam
353 1913 427 1942 parit
444 1917 498 1937 etc.
517 1917 602 1935 mmus
620 1916 694 1936 recte
718 1909 848 1942 proponit
870 1911 956 1942 pacm
976 1907 1045 1934 idem
1067 1909 1086 1936 l.
1100 1909 1117 1935 l.
1137 1908 1203 1940 Cap.
1223 1907 1264 1933 16.
1288 1907 1340 1938 legi
1362 1908 1406 1939 qui
1424 1914 1517 1932 nexum
1526 1906 1611 1939 faciet
1628 1908 1792 1938 mancipIum-

280 1964 325 1988 que
343 1958 383 1981 uti
400 1957 488 1988 lingua
503 1957 664 1988 nuncupassit
677 1957 717 1981 ita
726 1956 770 1988 jus
793 1959 861 1987 esto,
878 1957 972 1982 minus-
986 1961 1062 1981 recte
1078 1954 1230 1987 adjunxisse
1247 1952 1355 1979 videtur
1371 1954 1412 1978 uti
1428 1954 1574 1979 nominassit
1589 1952 1714 1977 locutusve
1733 1953 1802 1977 essit·

280 2003 370 2033 itajus
387 2007 537 2034 esto..quae
555 2002 635 2026 verba
655 2009 708 2026 non
730 2002 780 2027 nisi
805 2002 975 2034 tautologiam
999 2009 1059 2029 cnm
1084 2000 1266 2034 superioribus
1290 1999 1448 2031 continent7·
1474 1997 1600 2031 denique*
1615 1998 1641 2023 in
1662 1997 1796 2030 Cap..26.'.

280 2048 436 2076 l..l..rectev
444 2047 557 2075 restituit
574 2049 595 2073 si
609 2047 706 2073 adorat*
712 2047 816 2081 furtum
833 2048 1006 2082 growaderits.
