1961 2438
396 146 430 179 16
898 141 1346 175 c.E1<AMA

389 233 585 271 effecerunt,
612 239 647 264 ut
669 229 833 276 problema
861 229 972 260 Trium
1005 239 1201 272 corporum,
1233 227 1320 260 unde
1342 229 1448 262 omnis
1474 228 1573 264 hodie
1600 231 1718 276 pendet
1743 232 1856 267 Astro-

388 292 496 322 nomia
523 288 711 327 theoretica,
733 287 814 319 solvi
840 285 969 318 tandem
991 285 1208 330 explicarique
1231 293 1347 328 posset.

433 407 506 435 Post
532 414 585 441 ea,
608 413 689 446 quae
705 402 879 433 Newtonus
901 399 1020 442 aliique
1043 406 1228 432 construere
1245 400 1420 434 docuerant
1441 402 1641 446 Telescopia‚
1662 410 1693 436 et
1712 404 1855 451 Dioptri·

386 472 420 492 ca
453 461 663 491 achromatica
691 459 731 490 ab
753 458 868 489 Eulero
899 464 975 488 sunt
1000 458 1129 488 inventa
1159 465 1190 489 et
1216 458 1395 497 Dossondo,
1426 466 1458 490 et
1493 461 1673 503 Catoptrica
1707 463 1746 494 ab
1776 467 1852 496 Her-

384 517 502 548 schelio
529 516 696 560 praecipue
716 515 832 546 Shorto
847 514 978 557 aliisque
994 514 1164 545 emendata
1183 515 1284 558 magis
1299 522 1331 546 et
1351 515 1498 558 perfecta.
1544 518 1625 548 Tum
1650 524 1681 549 et
1699 519 1775 550 varii
1795 531 1849 564 ge.

382 575 467 605 neris
492 574 703 604 instrumenta
722 572 1170 603 Geomeirioo-astronomica
1197 571 1237 602 ab
1260 571 1437 603 artificibus
1462 573 1598 615 Anglis,
1622 574 1742 613 Gallis,
1768 577 1847 607 Ger-

381 633 484 662 manis
509 641 633 661 summa
658 630 733 660 artis
757 629 931 660 subtilitate
959 635 1035 659 sunt
1066 628 1226 659 elaborata
1253 635 1285 659 et
1308 635 1464 661 accurata.
1519 629 1670 672 Quorum
1699 632 1848 663 omnium

379 698 441 730 ope
466 694 497 718 et
523 687 630 717 cuncti
655 684 797 717 stelliferi
821 685 900 717 coeli
930 691 1048 716 tractus
1072 686 1190 727 majori
1217 684 1392 717 identidem
1417 685 1582 729 diligentia
1612 688 1715 720 oculis
1738 689 1846 721 denuo

369 748 563 792 ‘perlustrari
591 753 784 790 coeperunt,
808 751 838 777 et
859 746 1080 788 phaenomena
1102 742 1220 781 multa,
1247 753 1387 785 quorum
1413 742 1493 775 olim
1520 754 1669 776 mensura
1691 746 1767 778 iniri
1791 756 1848 777 ne-

378 807 489 849 quibat
515 805 598 844 ulla,
620 805 686 847 jam
710 802 817 847 quoad
846 800 1103 844 magnitudinem
1127 799 1364 831 accuratissime
1383 798 1513 831 definiri
1538 807 1727 842 potuerunt.

415 922 498 952 Tum
519 929 597 951 vero
622 925 653 950 et
669 917 732 949 hoc
760 918 905 956 accessit,
928 923 964 948 ut
992 918 1093 959 Reges
1118 916 1179 958 ipsi
1209 921 1242 947 et
1267 915 1429 959 Principes
1456 915 1508 947 his
1531 916 1645 949 studiis
1669 918 1713 960 ita
1737 918 1842 954 favere

375 977 556 1020 coeperint,
580 982 616 1006 ut
639 976 689 1006 sui
705 982 857 1018 tanquam
880 974 1024 1005 muneris
1046 983 1114 1004 esse
1137 973 1372 1011 existimarent,
1406 971 1525 1014 gloriae
1548 972 1609 1004 sibi
1630 981 1714 1006 certe
1743 981 1774 1007 et
1790 977 1844 1009 de·

372 1035 440 1065 eori
464 1032 633 1070 ducerent,
658 1043 693 1063 ea
714 1032 869 1063 munifice
888 1031 1038 1074 largeque
1052 1029 1220 1061 sublevare
1244 1036 1274 1060 et
1297 1039 1497 1072 promovere.
1541 1029 1619 1060 Inde
1639 1032 1737 1073 igitur
1753 1043 1841 1065 sum-

371 1089 459 1120 tibus
483 1088 569 1119 haud
592 1089 749 1132 parcitum
777 1088 858 1127 fuit,
883 1095 952 1119 tum
980 1088 1050 1119 aliis
1076 1088 1121 1118 sic
1146 1086 1333 1130 profituris‚
1357 1093 1427 1118 tum
1455 1087 1516 1125 iis,
1548 1086 1668 1129 quibus
1696 1099 1840 1132 quaqua-

371 1156 497 1177 versum
525 1156 581 1188 per
605 1146 702 1176 maria
727 1152 841 1176 cuncta
868 1153 1049 1187 terrasque,
1072 1154 1090 1175 a
1119 1144 1205 1177 Viris
1227 1144 1447 1187 peritissimis,
1470 1154 1529 1174 nee
1555 1143 1679 1175 labores
1701 1156 1760 1177 nec
1781 1157 1839 1189 pe.

371 1201 472 1232 ricula
503 1201 809 1244 subterfugientibus
842 1202 1087 1233 instituerentur
1119 1200 1251 1238 itinera,
1283 1210 1425 1243 quorum
1460 1200 1612 1232 itinerum
1637 1200 1778 1241 fructus,
1803 1209 1840 1236 ut

369 1258 507 1289 Historia
532 1258 684 1289 naturalis
710 1265 742 1289 et
762 1257 963 1301 Geographia
979 1280 990 1297 ‚
1013 1258 1059 1289 sic
1082 1262 1113 1288 et
1134 1257 1341 1289 Astronomia
1368 1257 1509 1299 percepit
1538 1256 1734 1296 uberrimos,
1758 1269 1834 1290 cum

370 1316 450 1347 alios
471 1315 589 1347 multos
602 1339 611 1354 ‚
632 1322 703 1346 tuin
723 1323 754 1346 et
774 1316 878 1354 hunc,
899 1321 934 1345 ut
948 1314 1165 1345 vetustissima
1187 1313 1240 1343 illa
1256 1312 1430 1351 Indorum,
1451 1312 1683 1350 Chinensium,
1708 1315 1835 1358 Aegyp·

371 1373 555 1415 tiorumque
577 1374 780 1404 Astronomia
801 1371 897 1402 nobis
912 1372 1089 1402 innotuerit
1104 1371 1216 1412 magis.
1239 1386 1283 1395 —
1306 1369 1418 1401 Itidem
1434 1375 1465 1400 et
1481 1368 1704 1401 Observatoria
1722 1382 1836 1414 quam-

370 1430 532 1471 plurima,
562 1431 645 1462 ultra
677 1432 911 1475 quinquaginta
939 1430 1068 1470 saltem,
1100 1439 1158 1472 per
1185 1438 1297 1459 omnes
1326 1428 1472 1469 Europae
1501 1426 1657 1468 Regiones
1684 1434 1761 1458 suut
1780 1438 1836 1459 ex·

367 1492 504 1525 structa,
548 1488 758 1530 suppellectili
793 1487 967 1519 necessaria
998 1486 1151 1516 instructa
1179 1491 1210 1516 et
1245 1490 1356 1515 ornata
1375 1506 1385 1521 ‚
1414 1488 1509 1525 atque
1544 1483 1680 1514 summis
1708 1484 1742 1515 in
1769 1491 1835 1516 arte

363 1549 471 1573 nostra
500 1543 587 1574 Viris
615 1545 795 1576 commissa.
818 1562 859 1571 -
892 1543 1010 1586 Quid?
1045 1553 1102 1584 per
1129 1546 1260 1580 totum,
1283 1550 1347 1583 qua
1376 1545 1481 1581 patet,
1511 1537 1623 1569 orbem
1649 1538 1713 1570 fere
1737 1546 1834 1572 terra·

364 1609 457 1638 mm,
480 1610 497 1629 a
520 1599 738 1642 Philadelphia
765 1600 840 1632 inde
864 1600 904 1631 ad
924 1599 1119 1636 Pechinum‚
1149 1597 1190 1629 ab
1216 1604 1357 1628 extrema
1383 1596 1548 1638 Lapponia
1577 1595 1617 1626 ad
1644 1597 1832 1628 Promonto-

367 1656 450 1686 rium
476 1656 617 1696 Africae,
642 1657 888 1690 Observationes
907 1655 1148 1688 Astronomicae
1165 1653 1354 1683 innumerae
1376 1660 1394 1681 a
1411 1648 1523 1683 Doctis
1538 1649 1718 1692 Europaeis
1733 1650 1832 1686 factae

366 1719 442 1743 suut
468 1719 498 1744 et
525 1713 754 1756 promulgatae.

408 1825 492 1855 Haec
514 1831 578 1856 tam
604 1827 762 1870 praeclara
792 1828 934 1861 subsidia
954 1834 1097 1866 tantum,
1121 1837 1196 1858 nam
1222 1825 1281 1857 alia
1301 1824 1460 1868 ejusmodi
1491 1835 1550 1855 nec
1585 1833 1685 1867 pauca
1708 1834 1745 1855 ea
1770 1834 1829 1856 nec

365 1882 480 1922 exigua
508 1892 596 1913 nunc
625 1885 737 1924 mitto,
760 1885 836 1916 haec
860 1887 957 1928 igitur
982 1885 1167 1927 adjumenta
1189 1881 1465 1914 considerantibus
1485 1891 1564 1912 num
1591 1881 1710 1911 mirum
1733 1880 1828 1912 nobis

363 1936 466 1968 videri
498 1944 603 1980 potest
630 1942 671 1972 A.
689 1943 730 1974 A.
764 1944 803 1974 H.
823 1942 882 1975 ΗΛ
913 1943 1090 1986 plurimum
1118 1939 1193 1971 inde
1215 1939 1370 1977 crevisse,
1409 1938 1516 1970 seculo
1543 1937 1669 1968 decimo
1696 1943 1827 1974 octavo,

366 1993 529 2025 scientiam
561 1994 847 2037 Astronomicam‚
881 1999 1174 2041 magnis.inventis
1199 2001 1323 2027 auctam
1356 1994 1454 2026 ¹fuisse
1487 2001 1519 2025 et
1553 1992 1738 2025 observatis.
1785 1995 1828 2026 At

360 2048 411 2079 vel
437 2052 481 2081 sic
511 2057 637 2089 tamen,
670 2061 711 2082 ne
743 2050 781 2085 iis
807 2054 938 2097 quidem
973 2053 1150 2098 quidquam
1179 2055 1221 2084 ita
1249 2051 1310 2084 fuit
1339 2052 1545 2084 immutatum
1579 2055 1616 2081 ut.
1645 2058 1662 2078 a
1698 2048 1827 2091 Kepleri

1739 2105 1832 2143 New2
