1961 2438
683 115 1074 149 onArto.
1577 128 1616 163 ‚5

177 208 293 241 Merito
316 206 395 239 haec
415 212 583 251 stupemus
595 206 643 250 ἶΑ.
655 205 695 238 A.
718 206 758 236 H.
769 203 829 237 HA
874 206 914 236 Et
933 202 1076 246 profecto
1098 204 1125 235 si
1145 213 1210 247 qua
1230 203 1265 236 in
1287 215 1321 236 re
1339 205 1449 248 generi
1465 205 1610 240 humano

135 266 227 298 liceat
266 264 388 308 ingenii
425 265 474 295 sui
517 262 675 295 fructibus
708 261 839 305 gloriari
861 284 872 300 ‚
917 259 990 292 licet
1023 260 1086 292 hoc
1117 267 1202 292 certe
1233 260 1502 296 luculentissimas
1539 264 1610 299 illas

135 323 285 356 scientiae
322 320 537 353 consideranti
575 320 703 352 divitias
719 342 729 359 ‚
759 317 878 362 quibus
904 317 1010 349 beavit
1043 316 1190 348 seculum
1223 317 1384 352 decimum
1426 323 1611 365 septimum.

137 380 305 413 inchoavit
331 388 569 417 xrpmznus,
599 378 836 409 consummavit
859 384 1096 408 uswroutm.

196 496 319 526 Horum
346 503 424 524 vero
446 491 703 524 Duumvirornm
726 492 857 535 propria
883 496 915 522 et
939 493 1110 534 praecipua
1139 490 1210 522 laus
1231 501 1300 523 non
1325 493 1468 525 cernitur
1496 497 1610 528 inven-

131 553 193 589 tis,
219 550 345 593 magnis
369 548 501 591 quidem
530 548 614 588 illis,
638 547 694 580 sed
716 559 798 592 quae
823 548 1000 591 majoribus
1031 560 1107 580 mox
1131 550 1196 580 sint
1228 560 1376 589 cessura,
1405 553 1547 584 cernitur
1575 555 1612 585 il·

131 609 161 641 la
183 608 323 652 Legibus
338 609 477 639 Naturae
501 607 658 647 aeternis,
682 607 824 650 genuina
843 606 1047 650 simplicitate
1065 607 1269 650 conspicuis,
1293 607 1349 639 sed
1370 607 1523 641 hactenns
1540 610 1611 642 abs·

129 660 287 704 conditis,
320 663 516 708 detegendis.
571 666 695 708 Legum
727 666 832 707 capita
864 662 1022 695 stellifero
1048 663 1139 695 coelo
1166 665 1234 707 ipsa
1256 672 1439 697 exaraverat
1470 667 1610 706 Natura,

128 722 184 755 sed
209 723 295 755 notis
322 722 463 762 arcanis,
487 733 548 754 nec
565 724 738 765 quisquam
763 727 836 752 ante
854 720 959 764 legere
976 727 1111 764 poterat.
1156 721 1319 764 Explicuit
1349 723 1474 764 primus
1497 723 1613 768 Keple-

129 790 186 811 rus
209 779 361 823 legitque.
382 798 429 805 —
460 779 563 822 Magis
587 778 694 810 adhuc
723 778 938 811 universalem
970 781 1107 821 Legem,
1142 778 1270 810 illarum
1306 780 1428 822 quippe
1463 779 1611 821 fontem,

129 848 168 869 ex
195 836 235 868 iis
257 843 366 880 postea
392 835 555 879 expedivit
575 836 766 868 Newtonus.
792 852 827 859 -
862 834 920 866 Ille
947 838 1180 866 Astronomum
1212 846 1309 878 agens
1330 836 1490 869 Mathesin
1520 838 1612 871 adhi-

129 893 436 936 buit'adjutricem:
472 894 555 924 Huic
581 903 621 924 ex
647 902 732 931 una,
755 901 854 935 quam
876 892 944 935 ipse
974 892 1036 923 sibi
1059 891 1247 931 effinxerat,
1282 893 1406 925 theoria
1434 895 1610 928 Mathema-

132 952 194 983 tica
221 953 330 982 omnis
354 949 564 983 Astronomia
587 956 742 992 tanquam
768 955 885 990 sponte
909 948 1044 979 deducta
1079 948 1260 982 videbatur.
1282 966 1329 974 —
1361 950 1418 982 Ille
1441 951 1610 985 coelestem

130 1006 314 1049 composuit
339 1007 462 1048 Mgum
486 1004 665 1037 Codicem:
708 1005 768 1036 Hic
791 1005 916 1046 Legum
948 1003 1076 1035 illarum
1101 1016 1211 1036 causas
1236 1005 1391 1049 patefeeit.
1416 1025 1458 1032 —
1490 1009 1537 1041 Ut
1559 1021 1614 1042 ve.

125 1074 165 1096 ro
189 1073 358 1096 causarum
387 1062 546 1106 expositio
565 1062 635 1106 ipsa
660 1063 785 1105 Legum
808 1061 983 1104 scriptione
1017 1061 1120 1094 videri
1150 1069 1277 1106 potest,
1308 1063 1397 1107 quod
1431 1067 1605 1108 posterior,

126 1131 167 1152 eo
185 1127 217 1153 et
233 1118 376 1159 facilior,
397 1121 442 1152 ita
462 1120 564 1164 possit
586 1118 753 1158 dubitari,
777 1129 819 1151 an
845 1120 1042 1159 Newtonus,
1067 1120 1188 1163 absque
1208 1121 1348 1165 Keplero
1372 1120 1505 1161 fuisset,
1526 1123 1610 1166 phy-

129 1178 227 1211 sicam
262 1181 430 1222 reperisset
455 1180 580 1221 Legum
612 1178 794 1217 rationem3
826 1187 908 1209 num
944 1177 1007 1208 nisi
1041 1184 1115 1208 ante
1137 1177 1294 1221 Keplerus
1323 1177 1569 1211 demonstrasset
1590 1192 1609 1211 a

131 1235 321 1280 posteriori,
354 1237 533 1267 Newtonus
566 1234 630 1266 hoc
666 1237 822 1278 potuisset
847 1244 866 1265 a
889 1234 1010 1278 priori;
1032 1252 1074 1260 —
1103 1236 1147 1266 Ut
1171 1235 1218 1266 sic
1247 1236 1396 1266 Newtoni
1423 1238 1611 1279 Praeceptor

124 1292 190 1325 dici
212 1292 312 1336 possit
337 1291 511 1335 Keplerus3
536 1302 597 1323 nec
615 1290 706 1323 facile
729 1292 771 1324 sit
792 1291 961 1335 judicatu,
985 1292 1053 1323 utri
1077 1301 1281 1323 summorum
1306 1291 1425 1323 horum
1456 1293 1610 1324 Virorum

92 1336 96 1340 ⁴
127 1349 202 1393 plus
226 1348 339 1381 debeat
365 1349 505 1381 Scientia
530 1348 768 1382 Astronomica.

191 1515 252 1556 vAd
276 1522 420 1555 seculum
445 1523 653 1567 pervenimus
675 1521 778 1556 A.A.t
801 1520 964 1554 decimum
986 1527 1137 1554 octavum
1162 1522 1328 1554 continuis
1355 1519 1435 1552 illud
1460 1530 1609 1565 progr-2³⁴

130 1576 219 1609 sibus
238 1578 381 1616 illustre3
403 1591 471 1620 quo
491 1574 648 1612 nimirum
664 1579 770 1612 firmis
790 1579 855 1612 illis
870 1578 1090 1612 fundamentis
1108 1582 1208 1623 priori
1231 1579 1340 1611 seculo
1357 1580 1439 1610 strui
1457 1585 1611 1622 coeptum

133 1632 314 1664 aedificium
333 1633 489 1666 indefessa
501 1635 568 1678 jam
586 1634 746 1668 industria
764 1640 949 1667 extructum
967 1641 1036 1677 est,
1059 1635 1094 1667 in
1111 1634 1275 1680 fastigium
1287 1634 1460 1674 eductum,
1485 1636 1610 1679 magui-

127 1689 190 1722 fice
212 1697 413 1723 exornatum.

174 1805 301 1838 Scilicet
325 1806 436 1839 multis
459 1807 651 1852 magnisque
677 1805 833 1841 subsidiis
861 1807 926 1841 hoc
958 1807 1068 1842 seculo
1099 1807 1247 1852 adjutum
1273 1814 1321 1841 est
1347 1808 1505 1841 Scientiae
1531 1815 1606 1837 nos-

126 1867 194 1895 trae
217 1863 372 1898 studium.

171 1977 271 2019 Quod
295 1978 335 2010 ad
356 1979 536 2014 Matheseos
561 1994 677 2026 usum3
706 1986 857 2019 Newtoni
880 1984 1016 2027 vestigia
1039 1982 1141 2015 secuti
1164 1980 1260 2013 multi
1278 1978 1364 2013 Clari
1379 1979 1450 2013 Viri
1478 1977 1604 2028 {metho-

133 2034 195 2069 dos
225 2036 421 2070 invenerunt
450 2040 656 2083 innumeras,
687 2042 864 2088 Analyseos
895 2043 1066 2088 praecipue
1097 2039 1324 2074 Infinitorum:
1349 2048 1450 2082 eaque
1482 2038 1605 2069 ratione

1567 2089 1608 2125 es·
