1930 2448
682 110 1071 151 ORArto.
1576 139 1612 173 η

130 187 197 219 Viri
226 191 484 226 Generosissimi!
515 197 729 243 vestrumque
765 200 1127 239 honorificentissimum
1161 207 1200 240 de
1229 220 1298 242 mea
1327 210 1491 256 diligentia
1521 216 1608 259 judi-

132 245 217 276 ciuin
248 247 395 280 hodierni
413 254 488 283 satis
512 264 672 298 superque
699 257 835 290 declarat
863 259 926 291 diei
948 261 1134 297 solennitas.
1181 268 1248 298 Jam
1272 269 1350 310 quid
1374 271 1407 301 in
1434 271 1602 306 literarum

128 302 338 335 Orientalium
356 307 610 342 emolumentum
632 314 753 345 Vestris
771 316 921 359 auspiciis
939 328 958 348 a
982 329 1033 351 me
1052 319 1201 354 effectum
1236 325 1277 356 sit
1302 333 1357 358 aut
1385 329 1567 362 institutum
1581 355 1590 371 ,

125 357 159 388 id
176 369 272 391 omne
295 362 321 393 si
344 374 404 406 pro
429 369 584 399 concione
612 371 787 403 accuratius
814 376 962 418 persequi
1003 377 1140 418 vellem,
1164 381 1345 424 superbiam
1376 384 1588 428 quodammo-

125 413 167 444 do
190 424 311 459 saperet
334 430 402 451 mea
427 424 529 454 oratio
556 431 586 455 et
610 426 902 470 vaniloquentiam,
928 443 1011 475 quae
1034 435 1112 466 vitia
1135 447 1261 481 semper
1290 450 1309 470 a
1333 442 1411 473 meis
1440 443 1586 475 moribus

124 469 316 504 alienissima
345 474 486 510 fuerunt.
541 479 747 523 Quapropter
773 484 813 516 de
845 490 1021 530 praeteritis
1051 492 1183 535 quidem
1215 494 1379 529 laboribus
1404 498 1485 531 nihil
1519 511 1586 532 am·

123 526 208 569 plius
226 529 407 562 addendum
429 544 560 574 censeo,
586 537 625 568 de
645 538 761 572 suturis
787 549 893 575 autem
921 546 967 578 sic
995 549 1142 588 statuite,
1173 561 1225 583 me
1252 558 1342 585 tanto
1375 556 1488 599 majori
1511 569 1587 589 cum

122 583 278 617 industria
304 587 522 623 laudatissimo
548 594 659 626 Vestro
685 596 791 629 literas
812 600 990 635 Orientales
1005 605 1163 647 juvandi,
1189 609 1346 652 augendi,
1369 613 1506 646 ornandi
1531 614 1584 646 de·

121 640 238 672 siderio
261 653 328 675 esse
356 646 588 681 satisfacturum
603 676 612 691 ‚
638 661 760 695 quanto
785 657 899 690 melius
924 659 964 692 de
985 661 1081 695 rebus
1107 664 1284 709 studiisque
1311 668 1390 699 meis
1414 669 1476 701 hoc
1504 677 1586 703 tem·

121 706 198 738 pore
228 701 402 742 meruistis;
426 712 548 747 quanto
572 711 712 750 optatius
739 713 819 744 mihi
855 716 968 749 accidit
999 730 1122 752 novum
1149 722 1229 754 illud
1259 724 1392 757 honoris
1424 734 1455 764 et
1481 727 1588 770 digni-

121 756 194 786 tatis
221 757 475 801 incrementum,
509 765 596 806 quod
624 772 654 797 et
682 770 776 812 Regis
807 772 1036 815 Augustissimi
1070 777 1104 808 in
1138 778 1239 811 bonas
1272 780 1376 813 literas
1404 782 1585 816 liberalitati

120 819 283 855 acceptum
302 815 422 856 refero,
450 824 481 849 et
500 821 628 853 Vestrae
652 826 737 864 apud
759 829 926 870 Optimum
950 834 1128 876 Principem
1155 838 1440 872 commendationi.
1494 842 1587 885 Quae

120 878 193 898 cum
218 872 260 901 ita
289 872 376 911 sint,
410 877 532 918 pergite
562 880 630 911 Viri
658 882 923 926 Generosissimi,
957 890 1067 920 Vestra
1097 902 1148 922 me
1170 896 1320 936 prosequi
1343 895 1583 939 benevolentia,

119 923 362 971 doctrinamque
388 932 580 966 Orientalem
606 937 737 979 dignam
764 943 966 982 existimate,
989 956 1071 987 quae
1093 949 1242 980 Vestrum
1270 954 1451 994 experiatur
1482 962 1588 997 patro-

118 982 251 1015 cinium.
297 987 408 1029 Neque
433 991 521 1033 enipi
550 999 621 1033 post
644 1002 769 1027 renatas
796 999 904 1030 seculo
926 1000 1052 1034 decimo
1079 1005 1195 1046 quinto
1216 1006 1321 1039 literas
1348 1008 1413 1040 ulla
1439 1022 1583 1054 unquam

118 1044 200 1069 aetas
221 1043 363 1081 exstitit,
395 1055 477 1087 quae
508 1054 562 1078 aut
589 1059 606 1079 a
638 1050 802 1084 literarum
832 1057 1043 1089 Orientalium
1082 1061 1261 1094 cultoribus
1297 1066 1450 1107 majorem
1483 1068 1583 1100 studii

118 1100 407 1140 pemeveranfiam,
431 1109 486 1134 aut
504 1114 521 1135 a
538 1105 623 1137 Viris
640 1108 674 1138 in
698 1109 825 1143 civitate
840 1113 1040 1157 principibus
1057 1123 1176 1149 tantam
1201 1120 1455 1154 munificentiam
1476 1131 1588 1167 postu·

117 1150 204 1184 laret.
251 1155 340 1198 Ergo
364 1160 390 1189 si
416 1161 523 1191 neutri
549 1161 693 1195 officium
720 1177 814 1199 suum
834 1168 1001 1210 deserant,
1024 1173 1113 1215 quod
1138 1182 1258 1208 avertat
1279 1178 1366 1210 Deus
1388 1180 1429 1211 O.
1448 1179 1497 1211 M!
1523 1181 1585 1213 hoc

116 1207 216 1240 Vobis
233 1212 335 1243 ausim
360 1216 534 1249 certissime
562 1219 727 1262 polliceri,
750 1224 938 1259 Academiae
959 1229 1282 1272 Lugduno-Batavae
1308 1245 1385 1267 suos
1409 1235 1496 1268 haud
1515 1249 1586 1270 um-

115 1275 211 1307 quam
244 1267 410 1302 defuturos
434 1283 501 1305 esse
525 1274 690 1317 doctores,
714 1282 771 1323 qui
795 1283 943 1323 Batavis,
966 1286 1131 1328 quondam
1151 1300 1329 1323 summio
1352 1303 1433 1331 suo,
1458 1294 1586 1328 Arabici

114 1321 213 1352 studii
237 1324 402 1358 conditore
416 1350 426 1366 ,
449 1340 816 1374 scnurrausmoun
840 1338 1010 1373 Hebraicae
1029 1342 1158 1386 linguae
1175 1346 1303 1379 vindice
1325 1355 1356 1381 et
1372 1356 1506 1389 statore,
1526 1361 1585 1392 ¹su·

116 1376 358 1419 perbientibu5‚
375 1385 497 1417 avitum
510 1387 672 1422 literarum
688 1394 900 1427 Orientalium
919 1399 1135 1443 principatum
1148 1405 1182 1434 in
1202 1412 1392 1448 perpetuum
1404 1411 1583 1441 restituant.

161 1433 198 1464 In
224 1434 285 1467 hoc
304 1445 411 1471 autem
426 1443 612 1478 Academiae
630 1450 767 1483 tuendae
792 1459 824 1484 et
841 1454 1003 1487 ornandae
1015 1480 1023 1495 ,
1049 1457 1232 1502 gloriaeque
1253 1462 1411 1504 majorum
1430 1475 1583 1496 revocan-

115 1488 173 1521 dae
187 1491 313 1532 studio,
335 1496 510 1531 Vobiscum
528 1502 609 1534 mihi
629 1504 762 1539 honoris
777 1516 937 1543 certamen
956 1512 1102 1546 futurum
1119 1523 1186 1555 est,
1205 1518 1397 1552 Professores
1416 1522 1584 1554 celeberri-

113 1546 173 1577 mi!
199 1549 373 1584 Vobiscum
391 1555 486 1588 etiam
507 1560 654 1594 Lectores
676 1563 871 1599 doctissimi!
896 1570 953 1612 qui
977 1581 1090 1603 omnes
1117 1574 1185 1615 pari
1213 1583 1331 1608 conatu
1359 1577 1471 1610 eodem
1506 1590 1585 1613 con-

218 1606 224 1613 '
244 1629 252 1638 .
296 1609 337 1640 At
359 1609 492 1644 honesta
519 1616 572 1648 illa
591 1623 756 1654 contentio
775 1624 921 1667 profecto
949 1637 1017 1659 non
1036 1629 1220 1663 animorum
1241 1644 1349 1676 pugna
1374 1641 1437 1674 est,
1461 1636 1516 1668 sed
1534 1639 1583 1670 in·

114 1661 301 1701 geniorum3
324 1676 383 1697 nec
410 1667 569 1704 discordia
590 1681 686 1719 atque
710 1678 870 1722 dissidiis,
893 1683 950 1715 sed
976 1694 1105 1717 summo
1134 1688 1343 1720 consiliorum
1368 1702 1527 1724 consensu
1551 1701 1583 1726 et

113 1718 347 1759 conspiratione
375 1721 509 1758 fovetur.
566 1731 652 1774 Ergo
677 1734 760 1767 nihil
789 1739 955 1782 antiquius
989 1752 1133 1784 unquam
1160 1754 1232 1775 sum
1263 1744 1449 1786 habiturus,
1483 1761 1582 1793 quam

113 1779 149 1804 ut
171 1776 308 1816 Vestris,
339 1779 367 1810 si
398 1791 481 1825 opus
504 1787 560 1827 sit,
584 1799 652 1821 non
681 1792 790 1825 minus
824 1807 922 1839 quam
949 1799 1029 1829 meis
1061 1799 1241 1831 commodis
1272 1802 1450 1847 studiisque
1482 1808 1583 1838 inser⁴

111 1830 219 1872 viam,
255 1843 314 1865 nec
338 1836 516 1881 quidquam
542 1843 720 1885 jucundius
750 1850 832 1883 mihi
856 1852 1002 1886 futurum
1026 1862 1091 1895 est,
1119 1867 1216 1899 quam
1244 1865 1280 1889 ut
1310 1859 1402 1891 vobis
1430 1863 1582 1895 omnibus

110 1902 208 1935 quam
227 1895 364 1928 maxime
390 1902 632 1937 commendatus
657 1907 717 1939 sim
746 1915 778 1940 et
805 1918 973 1955 acceptus,
997 1912 1052 1944 sed
1072 1912 1131 1946 tibi
1160 1914 1336 1958 imprimis,
1364 1928 1578 1958 ΚΕΜΡΕΒΕ,

109 1948 168 1980 Vir
189 1949 385 2007 Clarissime!
411 1956 468 1999 qui
486 1961 593 1992 >tantis
613 1961 778 1998 beneficiis
799 1978 850 2000 me
875 1969 936 2001 tibi
955 1969 1174 2012 obstrinxisti,
1197 1981 1233 2006 ut
1261 1981 1290 2007 te
1306 1977 1410 2006 Deum
1436 1975 1581 2009 fortuna-

107 2016 182 2037 rum
217 2018 361 2041 mearum
393 2013 550 2055 appellare
573 2028 640 2050 non
671 2020 826 2058 dubitem.
873 2026 941 2059 Vos
973 2032 1080 2058 autem
1113 2028 1192 2059 dum
1222 2029 1312 2061 vivos
1338 2037 1369 2062 et
1394 2040 1576 2074 praesentes

109 2060 255 2104 intueor,
278 2065 429 2110 Collegae
455 2069 710 2112 honoratissimi!
737 2078 808 2112 fieri
833 2081 925 2114 aliter
950 2092 1018 2114 non
1039 2090 1162 2127 potest,
1194 2087 1275 2130 quin
1293 2087 1419 2120 redeam
1451 2089 1486 2121 in
1512 2101 1580 2122 me·

945 2140 971 2171 C
1512 2156 1583 2178 mo-
