1930 2448
389 184 1396 248 COMMENTATIO.

298 482 940 539 QUAESTIONEM
1015 480 1493 523 CHEMICAM·

646 826 1150 858 EXORDIUM.

138 905 304 967 Telluris
326 936 466 966 hodierna
482 935 574 966 forma
591 942 677 973 atque
693 935 822 966 conditio
841 937 966 968 indicant
988 938 1175 967 mutationem
1199 935 1305 965 variam
1317 955 1326 970 ,
1351 943 1434 971 quam
1454 932 1520 962 inde
1535 931 1569 962 ab
1589 937 1654 961 ortu

135 997 192 1017 suo
215 997 267 1025 per
291 990 380 1018 multa
401 989 516 1017 saecula
539 996 634 1023 usque
657 987 693 1016 ad
712 988 789 1016 hunc
815 988 889 1016 diem
915 988 1056 1017 continuo
1080 988 1194 1024 subiit,
1223 987 1377 1015 etlanmum
1404 983 1502 1018 subit,
1534 989 1561 1011 et
1583 982 1659 1011 forte

134 1045 278 1076 perpetuo
293 1038 400 1068 subiet.
443 1039 571 1068 Caussae
591 1039 667 1068 enim
681 1038 849 1068 mutationis
865 1038 943 1068 illius
960 1040 1116 1070 continuae
1132 1038 1259 1067 existunt
1276 1037 1312 1065 ad
1333 1041 1458 1066 nostram
1476 1041 1571 1069 usque
1584 1039 1660 1061 aetas

134 1097 216 1127 tem,
236 1100 331 1127 neque
351 1091 429 1121 forte
451 1091 572 1120 existere
598 1091 738 1135 desinent.
779 1091 855 1120 Sunt
879 1092 932 1120 hae
951 1091 1058 1120 circum
1082 1097 1110 1120 et
1131 1098 1218 1127 supra
1241 1090 1395 1123 tellurem,
1419 1092 1489 1115 sunt
1511 1084 1542 1114 in
1568 1083 1659 1120 ipsius

135 1151 262 1179 corpore
283 1142 459 1179 quaerendae
477 1149 505 1171 et
520 1142 717 1172 inveniendae.
759 1142 822 1171 Hae
839 1142 921 1180 ignes
946 1149 1014 1172 sunt
1034 1141 1184 1173 Vuicanici
1210 1147 1238 1170 et
1261 1147 1352 1169 terrae
1376 1144 1494 1173 motus,
1526 1135 1591 1164 illae
1611 1135 1657 1164 aet

137 1194 236 1227 telluri
253 1194 469 1231 circumfusus,
491 1194 538 1224 cui
557 1195 747 1232 adjungantur
764 1195 920 1224 caloricum
939 1202 967 1224 et
984 1194 1104 1224 fluidum
1120 1192 1286 1222 electricum
1297 1211 1307 1226 ,
1329 1197 1417 1226 atque
1435 1195 1478 1217 est
1495 1194 1579 1223 aqua.

176 1246 222 1275 De
240 1254 313 1282 aqua
331 1252 448 1282 autem,
472 1254 543 1282 quae
562 1245 691 1274 habenda
707 1253 752 1274 est
765 1267 775 1280 ,
797 1255 898 1275 caussa
915 1247 1010 1282 aliqua
1027 1246 1162 1283 princeps
1186 1243 1377 1277 mutationum
1393 1238 1556 1277 superficiei
1575 1238 1658 1266 tellu-

142 1296 203 1332 ris,
226 1297 250 1326 si
267 1306 361 1326 sermo
377 1297 434 1333 sit,
457 1297 566 1334 duplici
585 1297 696 1327 ratione
715 1299 749 1326 de
764 1298 811 1326 illa
830 1299 875 1334 agi
894 1304 1013 1334 potest,
1036 1299 1084 1326 vel
1105 1284 1139 1325 de
1159 1305 1210 1331 ea,
1232 1302 1264 1323 ut
1281 1301 1436 1330 corporum
1452 1287 1658 1321 destructrice,

136 1349 185 1376 vel
202 1348 236 1376 de
260 1356 291 1376 ea
314 1353 347 1376 ut
363 1353 683 1381 novorum-corporum
697 1346 845 1376 creatrice.
886 1347 1020 1376 Destruit
1037 1354 1131 1376 autem
1146 1355 1220 1382 aqua
1236 1353 1360 1382 corpora
1380 1344 1430 1373 vel
1448 1342 1477 1371 vi
1497 1338 1658 1370 mechanica

137 1398 187 1427 vel
204 1397 342 1426 chemica.

179 1448 279 1478 Saevis
293 1447 431 1485 procellis
448 1446 646 1483 imbribusque
662 1447 687 1476 si
704 1447 843 1478 feriantur
862 1456 974 1478 montes
985 1470 995 1485 ,
1019 1458 1103 1485 saepe
1122 1455 1178 1478 tam
1196 1447 1312 1477 stabiles
1335 1454 1395 1476 non
1412 1450 1501 1478 sunt,
1524 1440 1574 1478 qui
1596 1447 1657 1470 tan-

141 1507 197 1530 tam
214 1508 352 1537 aquarum
372 1499 432 1528 vim
452 1499 568 1534 ferant,
589 1498 819 1536 abrumpuntur,
842 1502 1021 1536 solvuntur,
1043 1506 1202 1533 corruunt,
1223 1499 1364 1535 insignem
1395 1495 1569 1532 quandoque
1587 1498 1658 1520 stra-

143 1560 207 1590 gem
224 1553 350 1581 edentes.
393 1550 558 1580 Fluminum
577 1550 673 1586 ripae,
694 1559 768 1587 aqua
784 1551 882 1587 rapido
907 1560 995 1580 cursu
1016 1552 1141 1585 fluente,
1163 1549 1338 1578 abraduntur
1357 1554 1385 1576 et
1409 1546 1454 1575 sui
1470 1552 1577 1581 partem
1593 1550 1657 1579 per-

143 1610 234 1639 petuo
258 1603 402 1631 amittunt.
444 1602 567 1638 Rupes,
600 1601 707 1637 quibus
730 1601 949 1638 incumberent,
978 1602 1151 1637 destitutae,
1182 1600 1353 1637 praecipites
1379 1603 1458 1626 eunt.
1500 1596 1604 1630 Aquae
1628 1594 1657 1622 in

140 1653 261 1682 1acubus
283 1660 445 1691 stagnantes
470 1654 582 1682 assidua
609 1653 758 1689 pressione
784 1653 813 1682 in
836 1662 975 1690 aggere5‚
1006 1655 1116 1683 tandem
1143 1654 1266 1681 claustra
1288 1655 1426 1685 rumpunt
1453 1654 1480 1674 et
1508 1653 1608 1682 magna
1627 1644 1656 1672 vi

140 1705 287 1733 effluentes
306 1704 400 1733 omnia
416 1705 576 1733 devastant.
618 1704 697 1742 Quid
718 1706 809 1733 valeat
822 1714 895 1741 aqua
919 1706 1025 1734 marina
1049 1705 1079 1734 in
1104 1711 1203 1733 nostra
1226 1703 1330 1730 Batava
1346 1698 1464 1735 regione
1480 1697 1547 1725 satis
1567 1695 1655 1724 mani-

141 1755 215 1784 festa
239 1762 306 1784 sunt
326 1755 441 1785 indicia.

180 1808 233 1837 Illa
260 1807 425 1835 mechanice
453 1806 511 1843 agit
533 1815 616 1842 aqua.
668 1806 747 1835 Haec
772 1807 909 1836 chemice.
950 1808 1004 1836 Per
1027 1806 1112 1834 rimas
1135 1803 1277 1833 montium
1303 1808 1420 1830 manans
1445 1807 1529 1835 saepe
1553 1805 1651 1826 eorum

140 1866 250 1896 partem
267 1858 400 1887 dissolvit
418 1865 445 1887 et
463 1860 536 1887 salsa
557 1867 679 1895 corpora
707 1859 736 1887 in
762 1868 792 1887 se
811 1867 967 1896 suscepta,
997 1866 1093 1886 secum
1114 1856 1230 1884 trahens
1246 1863 1271 1882 e.
1291 1861 1320 1889 g.
1341 1851 1523 1880 carbonarem
1546 1848 1652 1883 calcis,

146 1911 220 1940 acidi
242 1909 387 1939 carbonici
409 1918 483 1945 ope,
504 1919 592 1939 vacua
619 1909 744 1946 format;
768 1910 832 1939 inde
856 1918 1040 1939 cavernarum
1062 1916 1090 1937 et
1113 1914 1260 1936 antrorum
1287 1902 1467 1939 quorundam
1494 1901 1523 1929 in
1550 1898 1654 1928 monti-

143 1962 199 1990 bus
217 1961 344 1990 calcariis
364 1960 538 1997 obviorum,
560 1961 718 1997 probabilis
743 1961 838 1998 origo·
879 1962 938 1989 Aer
964 1959 1209 1995 atmosphaericus
1235 1954 1369 1984 humidus
1397 1952 1540 1981 mineralia
1565 1951 1652 1978 multa

145 2012 305 2048 corrumpit
322 2019 350 2040 et
365 2011 512 2047 corrodit,
534 2020 585 2048 per
601 2012 742 2048 temporis
758 2013 966 2049 longitudinem
983 2011 1066 2040 etiam
1085 2009 1202 2047 penitus
1219 2005 1359 2040 destruit,
1381 2004 1423 2032 uti
1440 2002 1631 2038 feldspathum
1643 2020 1654 2036 ,

137 2064 243 2100 gnicam
254 2085 271 2102 ι
287 2063 429 2092 schistum
444 2063 531 2092 immo
550 2062 645 2100 ipsum
666 2063 815 2100 grauitem.

144 2123 149 2125 Α
916 2114 945 2144 A
966 2122 983 2142 2
1602 2103 1661 2132 Ac-
