1961 2438
557 83 1255 117 FACULTATUM.
1607 93 1647 126 19

234 169 326 204 mode·
351 171 538 214 anticipatio
572 171 671 204 menti
705 178 831 203 nostrae
873 170 915 202 sit
941 168 1170 210 vindicanda;
1203 179 1234 204 et
1262 171 1401 214 possitne
1438 169 1514 202 inde
1545 170 1637 214 effici,

234 229 342 259 Deum
367 229 459 259 esse?

190 308 288 342 Erant
312 317 418 343 autem
443 309 494 341 his
516 310 687 353 insignitae
706 310 862 353 symbolis
894 310 1203 343 Commentationes.

207 398 232 431 1.
254 398 372 430 Honor
392 398 452 431 alic
472 405 566 430 arces.

123 439 134 450 ⁷
183 454 222 486 ΙΙ.
244 455 300 486 Ab
322 457 399 487 Jove
413 455 626 498 principium.

164 511 225 552 ‚111.
249 512 388 544 Minime
409 523 516 543 sumus
538 512 584 550 ii,
614 512 672 555 qm·
689 511 889 554 populorum
922 511 1156 541 consensionem
1186 508 1261 551 legis
1290 509 1359 540 vim
1390 508 1510 540 habere
1540 508 1627 540 arbi·

251 574 377 600 tremur.
420 567 488 600 Sed
515 567 607 599 nobis
636 566 698 598 hoc
726 567 791 599 loco
823 578 889 599 non
915 577 1017 598 sermo
1054 573 1097 597 esc
1132 564 1173 596 de
1203 564 1398 608 populorum
1428 566 1562 597 arbitrio
1591 573 1626 597 et>

244 624 474 667 opinionibus,
505 623 563 655 sed
591 623 632 655 de
659 625 815 657 constanti
845 630 982 655 naturae
1009 622 1155 665 judicio.
1200 633 1438 661 BORGERUS,
1474 623 1508 654 in
1534 624 1622 666 Disp.

247 679 290 711 de
310 681 526 723 Mysticismo,
543 692 580 723 p.
598 681 672 719 284.

168 736 222 772 IV.
248 740 353 779 Fuyez
371 747 455 768 ceux
475 738 532 780 qui
548 748 621 769 sous
628 744 775 780 pretexle
793 736 998 781 d'explz'quer
1011 735 1044 766 Ia
1060 737 1182 768 Nature
1200 742 1321 766 semem·
1338 734 1420 766 dans
1445 735 1487 766 les
1513 746 1623 767 eoeurs

248 793 307 826 des
331 794 475 825 hommes
502 793 545 825 de
567 793 745 826 desolantes
769 792 923 827 doctrine.
968 803 1097 824 nouss
1111 802 1153 823 EA
1167 803 1199 824 u.

179 881 229 913 De
246 881 365 923 quibus
382 881 662 925 itajudicaverunt
681 882 779 924 hujus
799 881 929 913 Ordinis
948 879 1045 918 socii,
1071 889 1212 910 summas
1235 885 1304 909 tum
1326 878 1501 910 industriae
1517 890 1552 910 ac
1569 878 1618 911 di.

137 937 308 981 ligentiac,
328 945 398 970 tum
424 938 538 981 judicii
563 938 671 970 laudes
694 937 830 981 singulis
859 935 1070 979 scriptoribus
1092 945 1159 965 esse
1182 934 1389 973 tribuendas,
1418 946 1614 978 quamquam

139 993 217 1025 alias
243 994 283 1025 ab
308 995 378 1025 aliis
408 996 606 1038 quaestionis
632 1001 736 1038 partes
768 994 883 1025 melius
911 992 1087 1024 elaboratas
1115 1001 1183 1022 esse
1216 997 1445 1036 agnoscerenn
1489 994 1611 1023 Verum

136 1055 174 1081 ut
198 1052 334 1093 primam
350 1050 522 1094 superabat
547 1050 708 1090 secunda,
732 1051 777 1083 sic
805 1057 996 1093 utramque,
1019 1048 1180 1092 imprimis
1195 1047 1285 1091 quod
1305 1047 1344 1079 ad
1366 1047 1614 1091 philosophandi

134 1107 338 1150 prudentiam
371 1108 544 1147 attinebat,
578 1109 686 1140 tertiae
714 1115 746 1140 et
773 1114 905 1151 quartae
929 1106 1067 1138 cedere:
1101 1112 1198 1148 atque
1227 1115 1266 1135 ex
1295 1103 1345 1135 his
1373 1105 1449 1146 ipsis
1468 1127 1479 1143 ,
1510 1117 1614 1148 quum

133 1164 224 1195 tertia
249 1171 372 1207 praeter
396 1171 580 1196 accuratum
611 1164 822 1208 sobriumque
857 1173 1060 1201 sermonem,
1091 1161 1216 1193 afferret
1248 1160 1407 1203 judicium
1440 1172 1513 1193 vere
1542 1161 1615 1204 phi-

133 1219 328 1264 losophum‚
349 1221 632 1264 difficillimamque
652 1222 881 1261 Quaestionem
900 1219 1063 1250 liberrime
1086 1217 1182 1249 simul
1198 1224 1228 1248 et
1247 1216 1407 1248 subtiliter
1428 1217 1607 1259 exploraret

131 1282 164 1307 et
179 1276 366 1317 conficeret,
389 1277 466 1310 lzm’c
489 1278 675 1321 praemium
703 1277 905 1320 propositum
924 1274 1129 1308 tribuendum
1161 1285 1224 1306 esse
1246 1272 1457 1314 judicarunt,
1489 1274 1535 1304 ita
1562 1281 1611 1305 ta·

85 1354 90 1359 -
134 1343 226 1372 men,
250 1338 284 1364 ut
310 1333 504 1378 reliqzcarum
530 1334 844 1367 Commentationum
869 1332 958 1363 dotes
976 1331 1080 1375 plane
1102 1331 1245 1374 egregias
1267 1329 1399 1373 publice
1427 1329 1611 1362 laudandas

132 1389 316 1422 censuerint.
362 1390 518 1422 Schedula
537 1391 645 1422 tertiae
668 1389 943 1422 Commentationi
971 1387 1078 1419 addita
1106 1387 1285 1430 eodemque
1310 1397 1415 1417 BORG
1427 1398 1471 1417 En
1483 1397 1494 1418 1
1523 1386 1609 1418 dicto

133 1445 285 1488 insignita
298 1471 307 1485 ‚
332 1454 439 1490 aperta
466 1458 586 1479 nomen
610 1446 746 1491 prodiit,
772 1457 847 1478 “rac
856 1456 876 1477 o
900 1457 919 1477 n
929 1456 948 1476 ο
958 1456 1005 1476 OR
1016 1456 1035 1475 n
1045 1455 1067 1477 A
1079 1468 1089 1483 ,
1116 1443 1316 1487 Theologiae
1343 1442 1546 1475 Candidatus
1573 1445 1608 1476 in

132 1502 316 1536 Academia
345 1505 565 1547 Groningana.

173 1593 240 1623 Hac
268 1593 508 1636 opportunitate
541 1592 630 1625 Ordo
662 1592 744 1625 Phil.
777 1591 893 1623 Theor.
917 1597 949 1622 et
974 1591 1052 1625 Litt.
1081 1592 1178 1622 Hum.
1209 1588 1321 1628 refert,
1356 1589 1418 1621 hoc
1441 1601 1527 1621 anno
1551 1590 1604 1621 de·

131 1660 221 1680 mum
248 1650 310 1681 sibi
334 1653 532 1690 innotuisse,
560 1655 634 1695 quis
662 1652 799 1694 scriptor
832 1654 912 1680 esset
937 1647 1066 1678 alterius
1087 1658 1106 1678 e
1125 1646 1251 1677 duabus
1267 1647 1601 1678 Commentationibus

129 1704 171 1737 de
193 1705 232 1738 L.
257 1707 368 1740 Coelio
391 1709 585 1751 Antipatro,
609 1714 682 1739 ante
712 1707 772 1738 hos
807 1711 870 1736 tres
896 1715 999 1734 annos
1029 1703 1068 1733 ad
1098 1714 1131 1734 se
1156 1702 1299 1746 perlatis,
1331 1713 1467 1745 quarum
1495 1710 1604 1734 aucto—

129 1772 180 1793 res
199 1761 313 1804 dignos
341 1764 555 1806 judicaverat,
580 1775 720 1808 quorum
746 1765 880 1794 nomina
905 1760 945 1791 ad
973 1760 1135 1803 publicam
1164 1762 1312 1791 notitiam
1335 1758 1602 1790 commendaren-

128 1824 192 1851 tur.
243 1821 336 1850 Hunc
364 1822 550 1864 scriptorem
583 1832 684 1865 quum
720 1821 826 1853 debita
860 1820 953 1852 laude
984 1832 1020 1851 ac
1055 1818 1255 1856 celebritate,
1290 1818 1362 1850 licet
1393 1828 1463 1849 sero
1492 1820 1602 1861 cogni·

126 1881 218 1914 tum,
244 1880 367 1919 privare
391 1880 495 1918 nolit,
521 1892 610 1911 nunc
636 1881 763 1924 publice
791 1891 865 1912 eum
888 1875 1207 1915 commemorandum
1234 1877 1377 1914 censuit,
1409 1886 1475 1918 quo
1505 1875 1597 1906 intel-

125 1930 201 1975 ligat
231 1933 322 1965 nullo
349 1937 501 1977 temporis
518 1937 699 1968 -intervallo
727 1938 884 1968 honorem
910 1943 994 1968 reete
1016 1933 1107 1965 factis
1138 1932 1347 1964 tribuendum
1375 1933 1490 1974 perire.
1541 1933 1596 1962 Est

123 1995 229 2020 autem
246 2001 495 2025 THEODORUS
519 2006 672 2026 PETRUS
695 2006 904 2034 BERGSMA,
932 1988 1141 2024 leeol08cud.
1160 1995 1225 2020 tum
1246 1991 1490 2032 Franequerae,
1513 1999 1598 2019 nano

125 2045 160 2078 in
182 2047 366 2080 Academia
389 2049 526 2082 Rheno·
537 2052 729 2094 Trajeccina.
866 2084 892 2126 C
917 2104 935 2126 2
993 2072 996 2073 ν
1521 2087 1594 2119 ΙΙΙ.
