1930 2448
678 127 1068 160 ORArto.
1594 137 1614 170 ⁷

133 217 318 261 complexus
343 227 409 248 esse
424 215 587 255 videatur,
612 217 791 252 neminem,
820 226 939 258 quem,
962 217 989 246 si
1006 213 1104 245 modo
1122 213 1191 244 fieri
1212 219 1333 257 posset,
1357 212 1510 245 libentius
1529 214 1602 246 imi·

133 276 191 307 tari
207 274 339 312 vellem,
364 285 459 317 quam
486 284 754 306 currit-:LMUM
779 282 1000 313 Joursruiu.
1047 273 1092 301 De
1110 270 1207 312 hujus
1228 281 1305 313 ergo
1330 270 1411 309 viri,
1431 270 1516 313 apud
1544 271 1608 301 Bri·

132 338 248 363 tannos
276 330 383 362 seculo
411 331 573 373 superiore
602 330 768 361 clarissimi
804 329 925 360 meritis
953 338 1058 358 coram
1087 327 1178 357 vobis
1205 328 1311 369 agenti
1346 330 1455 370 aequis
1487 328 1605 358 animis

138 388 334 430 auribusque
357 387 460 419 adeste
473 411 482 425 ‚
503 389 542 420 A.
554 387 593 419 A.
615 386 705 419 H.H.
728 385 917 424 facilemque
931 384 1011 415 mihi
1025 383 1172 426 praebete
1190 384 1380 416 audientiam
1393 408 1403 423 ‚
1418 385 1516 416 vitam
1528 395 1610 428 quo-

133 456 196 487 que
219 444 379 487 publicam
405 444 627 486 privatamque
657 449 752 485 atque
778 441 920 473 indolem
953 451 1136 477 sousssu,
1167 441 1386 484 virtutesque,
1409 441 1528 484 quibus
1554 451 1608 472 ex·

134 501 259 538 celluit‚
288 500 551 543 incomparabiles
569 499 671 530 obiter
691 499 875 531 celebranti.
900 501 1023 529 Horum
1046 497 1132 528 enim
1148 497 1175 528 si
1192 498 1392 528 omitteretur
1411 497 1612 540 quidquam,

132 568 283 589 mancum
310 557 404 600 plane
425 563 457 588 et
484 556 704 599 imperfectum
725 555 871 588 futurum
897 566 964 587 esse
993 554 1166 598 apparebat
1192 554 1231 585 de
1256 555 1335 585 tanti
1351 554 1421 586 Viri
1444 554 1606 596 magnitu-

132 613 209 645 dine
228 613 406 656 judicium:
441 625 500 644 nec
530 624 606 645 saue
634 613 756 657 aliquid
787 613 921 645 existere
953 623 1046 655 posse
1079 611 1273 642 arbitramur
1304 610 1344 642 ad
1380 609 1610 642 commendan-

132 669 207 700 dam
228 676 370 701 nostram
389 670 590 713 disciplinam
616 671 737 713 aptius,
762 680 860 714 quarn
878 669 967 712 quod
987 669 1031 707 is,
1054 669 1112 710 qui
1129 668 1274 711 ingenio,
1301 667 1482 699 eruditione
1497 673 1527 698 et
1542 665 1607 697 ele·

133 726 241 768 gantia
272 737 383 758 omnes
417 726 482 758 fere
515 726 660 770 aequales
690 737 766 758 suos
797 726 1022 765 antecelleret,
1050 725 1157 756 literas
1187 723 1363 755 Orientales
1401 723 1609 767 dignissimas

135 792 203 814 esse
229 783 440 823 existimarit,
461 784 496 815 in
523 783 642 827 quibus
669 784 842 815 maximam
867 783 924 815 otii
950 784 1001 814 sui
1024 788 1146 826 partem
1167 787 1383 814 consumeret,

811 914 930 925 ———-

177 1012 278 1044 Natus
301 1019 348 1045 est
366 1023 618 1045 GUlLIELMUS
642 1021 842 1043 sonamus
863 1010 1079 1042 Londinensis
1097 1021 1183 1042 anno
1204 1009 1379 1053 superioris
1403 1007 1502 1040 seculi
1524 1019 1601 1051 qua-

135 1066 316 1111 dragesimo
342 1076 452 1109 sexto,
474 1077 660 1113 patremque
688 1068 801 1100 habuit
825 1068 936 1100 eodem
960 1068 1169 1110 praenomine
1191 1067 1360 1109 insignem.
1416 1064 1513 1105 Quod
1542 1065 1605 1095 nisi

131 1124 342 1157 Horatianum
383 1126 486 1158 illud:
533 1129 636 1159 Fortes
673 1131 822 1157 creantur
852 1125 994 1162 fortibus
1037 1131 1072 1154 ec
1112 1124 1201 1155 bonis
1217 1146 1226 1161 ‚
1269 1128 1421 1166 perpetua
1461 1122 1612 1153 omnium

136 1184 273 1214 omnino
298 1190 479 1226 temporum
507 1184 704 1227 experientia
736 1182 909 1220 refelleret,
928 1181 1132 1212 'haberemus
1162 1179 1304 1224 profecto
1332 1179 1516 1217 Jonesium,
1550 1189 1608 1208 cu-

132 1237 187 1280 jus
228 1240 375 1283 exemplo
417 1240 457 1271 ad
500 1240 720 1271 auctoritatem
768 1239 856 1270 dicto
899 1238 1132 1269 conciliandam
1178 1236 1387 1280 probabiliter
1429 1242 1608 1267 uteremur«

137 1294 270 1340 Quippe
293 1298 479 1340 parentibus
498 1296 630 1340 quidem
648 1306 726 1327 usus
745 1302 792 1326 est
815 1306 849 1326 se
872 1295 1004 1337 ingenio
1025 1294 1230 1326 inferioribus
1254 1291 1439 1336 (quomodo
1454 1294 1539 1323 euim
1560 1298 1609 1322 ta·

106 1367 109 1368 ν
134 1349 175 1382 lis
198 1353 248 1383 vir
279 1364 315 1385 ac
342 1360 449 1385 tantus
476 1359 531 1384 aut
557 1362 647 1393 pares
677 1351 759 1390 sibi,
784 1358 839 1383 aut
873 1352 1070 1395 superiores,
1100 1351 1215 1383 habere
1246 1349 1446 1393 potuisset?)
1478 1348 1532 1379 sed
1555 1358 1610 1391 pa·

134 1412 217 1439 trem
252 1415 359 1442 tamen
391 1411 426 1441 in
455 1409 610 1441 doctrinis
638 1407 873 1451 Mathematicis
904 1408 1099 1451 principem,
1134 1408 1299 1450 ipsiusque
1328 1406 1425 1438 Isaaci
1453 1406 1601 1436 Nevvtoni

135 1464 192 1504 (at
217 1467 330 1508 quanti
357 1465 452 1508 viril)
474 1465 612 1497 amicitia
640 1465 907 1504 condecoratum3
930 1471 1062 1495 matrem
1087 1475 1164 1495 vero
1183 1470 1215 1495 et
1243 1464 1364 1506 insigni
1391 1462 1506 1493 mentis
1532 1472 1607 1492 acu·

135 1522 244 1562 mine,
271 1529 303 1553 et
325 1533 394 1553 rara
412 1522 471 1553 filii
491 1523 541 1554 sui
566 1521 726 1554 educandi
747 1522 877 1564 peritia,
903 1520 1201 1552 commendabilem.
1255 1522 1327 1563 Ipsa
1354 1520 1463 1556 enim,
1491 1520 1611 1549 marito-

133 1576 236 1616 duce,
260 1578 521 1621 Algebraicarum
544 1578 756 1610 formularum
776 1577 983 1609 subtilitatem
1001 1577 1234 1608 accuratissime
1258 1575 1388 1611 didicit,
1411 1581 1441 1605 et
1463 1576 1608 1616 trigono·

135 1634 266 1665 metriae
283 1634 486 1677 theoriaeque
505 1635 581 1666 artis
592 1634 764 1678 navigandi
775 1633 944 1678 perfectam
963 1640 1283 1675 consummatamque
1297 1632 1461 1662 scientiam
1480 1630 1594 1672 adepta

135 1695 193 1721 est.
237 1690 298 1721 Sed
327 1691 447 1734 majora
469 1691 556 1724 illius
584 1702 658 1734 erga
689 1691 794 1723 filium
820 1692 933 1723 merita
962 1690 1112 1728 fuerunt,
1136 1690 1192 1732 qui
1223 1695 1344 1731 patrem
1374 1686 1604 1718 excellentissi0

135 1757 229 1778 mum
252 1748 386 1779 triennis
407 1749 563 1781 amiserat.
619 1748 716 1780 Hunc
744 1758 811 1779 non
844 1750 878 1780 vi
904 1758 963 1778 nec
989 1747 1107 1785 minis,
1137 1745 1193 1776 sed
1220 1745 1359 1776 suaviter
1388 1742 1602 1774 confabulan-

135 1804 200 1843 do,
225 1803 368 1836 discendi
387 1805 534 1836 ardorem
550 1815 659 1836 rerum
673 1805 815 1836 novitate
831 1810 863 1835 et
876 1803 1076 1847 jucunditate
1091 1801 1278 1838 excitando,
1304 1800 1534 1843 sapientissime
1551 1801 1603 1830 in-

135 1861 239 1894 stituit
256 1861 380 1903 egregia
399 1867 520 1898 mater,
544 1859 680 1891 infinitis
703 1863 792 1903 pueri
811 1859 1071 1903 quaestionibus,
1092 1859 1204 1890 omnia·
1217 1860 1297 1889 scire
1312 1881 1320 1896 ‚
1346 1859 1493 1888 omnium
1513 1865 1604 1886 caus-

105 1958 110 1961 &
135 1929 186 1950 sas
211 1924 243 1949 et
267 1916 397 1948 effectus
422 1916 600 1960 intelligere
629 1917 807 1960 cupientis,
837 1922 1018 1948 constanter
1044 1926 1199 1958 oggerens
1230 1913 1463 1945 sententiosum
1500 1910 1606 1943 illudi

135 1976 220 2017 Lege
245 1981 276 2005 et
297 1983 472 2016 cognosces,
515 1975 583 2005 Nec
606 1984 683 2005 sane
706 1980 868 2006 maternae
889 1983 984 2004 curae
1007 1973 1041 2003 in
1067 1972 1183 2003 eximia
1204 1975 1263 2002 ista
1289 1969 1396 2001 indole
1419 1968 1552 2001 colenda
1573 1973 1607 1998 et

135 2029 303 2064 formanda
322 2031 441 2073 positae
462 2031 671 2073 praematuris
686 2030 867 2075 optatisque
883 2028 1047 2062 fructibus
1064 2034 1252 2061 caruerunt.
1288 2027 1370 2059 Nam
1393 2033 1607 2058 semustum

1533 2089 1612 2116 cum
