1961 2438
699 102 1124 136 LECTIONUM.
1629 108 1647 140 5

172 200 200 241 J.
222 191 626 230 NIEUWENHUIS
659 191 807 233 Logicam
831 189 974 229 docebit,
999 190 1113 222 diebus
1128 191 1242 221 Lunae
1259 195 1290 219 et
1308 188 1477 226 Mercurii,
1501 187 1639 220 horalII,

261 248 431 279 Historiam
448 243 670 286 Philosophiae
689 244 874 275 recentioris
894 243 994 274 tradet
1007 265 1017 281 ‚
1042 243 1155 274 diebus
1175 243 1286 273 Martis
1300 248 1331 272 et
1343 242 1452 279 Jovis,
1475 240 1552 271 hora
1569 239 1642 270 xil.

173 303 214 336 H.
238 302 278 333 A.
301 297 577 332 HAMAKER
601 297 742 338 Linguae
759 295 931 334 Arabicae,
956 298 1031 327 item
1055 294 1241 327 Chaldaieae
1270 301 1301 325 et
1333 295 1476 337 Syriacae
1506 293 1644 325 elemen-

214 362 246 385 ta
261 352 407 387 docebit,
431 350 545 381 diebus
566 351 695 386 Lunae,
720 349 870 379 Mercurii
892 354 923 379 et
944 349 1050 383 Jovis,
1076 346 1155 378 hora
1176 347 1249 379 ΧΠ.

258 407 296 437 In
315 406 454 436 Ieremia
478 402 672 443 Philologice
702 406 733 431 et
761 401 876 431 Critice
904 400 1143 443 interpretando
1166 407 1294 443 perget,
1317 401 1410 432 initio
1438 399 1522 431 facto
1547 399 1565 429 ὲ
1587 399 1644 429 Ca·

302 459 367 500 pite
383 458 423 492 V,
448 455 562 486 diebus
580 457 689 486 Lunae
708 460 739 485 et
753 452 922 489 Mercurii,
948 451 1027 483 hora
1044 453 1068 485 I.

257 512 295 542 In
319 509 556 553 provectiorum
576 509 709 551 gratiam
746 505 875 549 Bidpaji
895 505 1018 537 fabulas
1045 517 1062 538 a
1080 507 1282 539 Schultensio
1311 505 1429 544 editas,
1450 511 1480 536 et
1504 502 1641 536 Pseudo-

303 562 469 594 Wakidaei
496 562 536 593 de
566 561 730 593 Inferioris
753 560 890 602 Aegypti
914 560 1151 602 expugnatione
1178 559 1298 591 librum
1330 563 1497 601 exponet,
1530 555 1643 587 iisdem

303 614 434 656 diebus,
456 614 534 646 hora
552 615 608 647 lv.

262 667 467 698 Bar-Hebraei
492 667 677 699 Chronicon
704 667 870 709 Syriacum
895 664 1083 707 explicabit,
1116 665 1167 698 die
1189 665 1293 703 Jovis,
1316 666 1393 696 hora
1413 663 1472 694 IV.

173 722 209 755 P.
233 720 463 754 HOFMAN
495 719 826 753 PEERLKAMP
858 717 1028 759 explicabit
1053 721 1226 749 Historiam
1253 719 1457 760 Antiquam,
1489 716 1506 747 a
1534 714 1646 758 primis

220 775 256 805 in
278 774 351 805 Asia
369 775 495 815 regnis,
518 773 557 804 ad
573 773 672 805 finem
698 772 827 815 Imperii
850 772 1012 811 Romani,
1031 774 1067 803 A.
1082 773 1155 804 Chr.
1174 770 1239 814 476
1252 794 1262 810 ,
1283 770 1397 801 diebus
1415 772 1539 807 Lunae,
1563 770 1648 799 Mar-

215 830 257 860 tis
270 853 281 870 ‚
303 826 454 856 Mercurii
471 832 502 856 et
521 826 627 864 Jovis,
650 827 727 858 hora
738 827 793 857 XI.

174 883 214 915 C.
236 882 264 924 J.
287 881 327 913 C.
354 877 639 917 REUVENS‚
672 877 752 909 Phil.
783 875 897 907 Theor.
929 883 959 908 et
986 879 1061 910 Litt.
1086 879 1182 909 Hum.
1207 876 1375 919 praecipue
1402 873 1648 915 Archaeologiae

218 933 304 966 Prof.
342 932 509 964 Extraord.
549 933 755 974 Antz'quitatck
784 928 919 959 Indicae
957 932 1059 973 capita
1089 930 1266 973 quaedam,
1299 928 1477 959 secundum
1502 925 1650 956 Heerenii

216 986 319 1017 ldee'n
343 986 421 1016 iiber
442 983 497 1016 die
523 985 660 1022 Politik,
685 995 717 1016 u.
736 994 760 1014 s.
776 992 815 1014 w.
840 980 998 1012 illustrare
1017 983 1135 1024 cogitat
1154 982 1262 1024 paucis
1277 980 1400 1012 Scholis
1415 979 1564 1011 Publicis.

259 1037 391 1070 Scholas
411 1038 487 1069 item
511 1038 759 1070 Numtsmaticas
785 1035 923 1078 privatas
949 1033 1057 1065 denuo
1081 1037 1211 1077 aperiet.

258 1092 406 1134 Denique
440 1091 592 1121 exercitia
623 1090 779 1132 privata,
810 1098 898 1119 anno
925 1087 1118 1120 Academico
1147 1088 1297 1131 proximo
1339 1085 1512 1125 inchoata,
1543 1085 1645 1117 conti-

302 1143 426 1176 nuabit.

218 1195 349 1240 Quibus
370 1195 523 1228 omnibus
545 1195 641 1227 horas
662 1195 847 1227 commodas
870 1195 904 1227 in
929 1202 1074 1239 tempore
1097 1194 1284 1227 constituet.

532 1305 931 1343 FACULTAS
987 1305 1292 1343 MEDICA..

176 1411 225 1443 M.
248 1411 280 1443 S.
311 1421 364 1444 Du
387 1410 478 1444 PUI
506 1411 712 1453 Chirurgicae
730 1410 932 1453 disciplinam
952 1422 1026 1442 cum
1047 1410 1137 1454 praxi
1161 1411 1196 1440 in
1213 1408 1407 1441 Nosocomio
1424 1407 1649 1450 conjunctam,

217 1471 355 1508 exponet
381 1465 495 1496 diebus
520 1467 648 1502 Lunae,
670 1465 799 1500 Martis,
822 1465 991 1502 Mercurii,
1013 1463 1100 1494 Jovis
1122 1469 1153 1494 et
1171 1463 1324 1499 Veneris,
1348 1462 1426 1492 hora
1447 1461 1503 1492 XI.

261 1518 371 1550 Artem
406 1517 628 1549 Obstetriciam
661 1528 735 1548 eum
764 1517 949 1549 Theoretice
987 1523 1056 1548 tum
1087 1516 1244 1554 Praetice,
1277 1514 1389 1545 iisdem
1419 1512 1555 1552 diebus,
1587 1511 1646 1543 ho-

303 1581 338 1601 ra
361 1570 436 1601 XII.

259 1623 461 1654 Anatomiam
480 1622 703 1664 Chirurgicam
718 1632 791 1652 cum
810 1621 1076 1665 Operationibus‚
1101 1620 1243 1652 hiberno·
1262 1626 1426 1662 tempore,
1450 1617 1563 1650 diebus
1581 1620 1643 1649 Lu-

304 1686 385 1714 nae,
419 1677 547 1714 Martis,
568 1676 655 1706 Jovis
677 1682 708 1705 et
731 1677 880 1715 Veneris,
906 1676 984 1706 hora
999 1677 1039 1708 V.

261 1729 454 1761 Medicinam
484 1730 656 1759 Forensem
685 1727 876 1771 explicabit,
909 1728 1024 1759 diebus
1059 1727 1237 1766 Mercurii,
1268 1726 1348 1756 hora
1363 1726 1406 1756 X.
1433 1729 1465 1754 et
1495 1724 1643 1763 Veneris,

304 1782 383 1813 hora
405 1784 430 1814 Ι.

261 1833 540 1877 Disputationibus
562 1833 700 1877 publicis
721 1835 845 1866 vacabit
869 1835 947 1866 hora
961 1859 969 1872 ‚
995 1834 1069 1865 dein
1096 1830 1281 1864 indicanda.

172 1891 214 1924 G.
238 1887 569 1926 SANDIFORT‚
599 1888 800 1918 Anatomiam
831 1887 984 1928 docebit,
1002 1888 1115 1919 diebus
1149 1888 1275 1923 Lunae,
1302 1884 1437 1922 Martis,
1468 1881 1647 1921 Mercurii,

216 1943 302 1974 Jovis
324 1948 354 1972 et
377 1941 525 1977 Veneris,
549 1940 626 1970 hora
646 1942 686 1972 X.

240 1994 492 2038 Physiologiam‚
517 1996 677 2025 Anatome
694 2001 873 2040 comparata
893 1993 1103 2034 illustratam,
1125 1994 1237 2026 iisdem
1263 1991 1399 2029 diebus,
1421 1988 1502 2021 hora
1521 1989 1574 2020 IX.

987 2051 1020 2081 A·
1041 2049 1062 2081 5
1578 2041 1644 2071 Me.
