1930 2448
269 94 304 121 42
490 66 1547 117 JACOBIHENRICIVANnuRHEIM

273 166 339 195 sicat
355 172 422 201 ergo
439 164 588 198 depactum
612 169 643 189 ac
661 159 787 188 defixum
804 164 893 186 terrae
910 156 944 184 ad
965 154 1075 184 vineam
1093 151 1309 181 sustinendam’2
1332 150 1392 187 (14
1405 151 1432 187 ).
1473 150 1673 180 Gothofredus
1690 157 1785 181 tamen

274 225 369 252 recte,
387 223 418 245 ut
437 215 573 249 videtur,
597 214 680 242 docet
700 211 767 239 huic
790 209 871 239 vocis
887 214 1016 245 concapes
1037 204 1239 241 significationi
1262 213 1276 232 a
1303 203 1366 232 viro
1386 204 1473 239 longe
1500 203 1621 231 maximo
1648 202 1784 238 proposi-

275 276 319 298 tae
348 275 506 304 repugnare
525 274 597 302 quae
618 266 638 293 l.
656 265 675 292 l.
697 263 760 299 ipse
780 262 894 290 Festus.
936 257 1055 293 Tigmtm
1081 265 1139 284 11011
1169 256 1262 284 solum
1288 254 1316 283 in
1341 254 1475 283 aedificiis
1500 263 1559 290 quo
1584 261 1707 283 utuntur
1734 263 1784 291 ap-

275 321 418 355 pellatur,
441 318 490 347 scd
510 318 591 346 etiam
616 317 644 345 in
663 314 773 349 vineis,
797 320 827 341 ut
853 318 896 340 est
915 310 943 338 in
962 308 1029 337 XII.
1053 306 1150 336 Tabb.
1173 313 1230 336 etc.
1274 306 1364 342 Igitur
1383 306 1527 341 antiquam
1545 306 1697 335 lectionem
1724 306 1786 336 vin-

276 371 372 400 dicans
392 370 531 406 egregiam
555 370 642 406 huJ'us
661 366 719 396 loci
741 364 894 394 lectionem
918 363 990 389 hanc
1008 359 1147 396 proponit
1169 365 1291 387 auctor:
1314 367 1347 386 ne
1371 357 1550 396 concapET,
1572 368 1605 386 ne
1621 360 1737 394 solvito,
1759 358 1796 387 idi

275 431 339 458 est,
361 433 394 451 m
410 430 527 461 concape
544 428 570 450 et
588 431 622 449 ne
639 420 756 454 solvito,
778 417 820 446 uti
846 424 932 452 supra
956 412 1018 440 ⁷le
1039 420 1091 448 pro
1116 411 1147 438 πῖ
1163 411 1187 438 it
1213 410 1337 439 vidimus
1359 410 1461 446 (15);
1484 410 1553 438 adeo
1580 416 1613 438 ut
1634 419 1667 438 ne
1690 418 1789 438 conca·

270 483 307 514 pe
329 474 470 512 significet
493 483 527 501 ne
551 471 718 506 vindicato,
744 476 829 504 atque
854 467 892 495 ita
919 467 987 495 haec
1014 468 1060 494 lex
1085 464 1238 501 prohibere
1258 471 1286 492 et
1310 463 1533 492 vindicationem
1561 470 1588 491 et
1613 463 1788 492 solutionem

276 529 350 565 tigni
361 527 457 563 juncti
471 525 617 560 videatur-3
637 520 683 552 cui
703 520 848 550 consentit
873 525 900 547 et
921 518 1065 555 Ulpianus
1092 517 1114 544 1.
1133 523 1160 544 1.
1184 516 1217 544 ff.
1238 516 1271 543 de
1294 517 1371 553 tigno
1391 516 1511 553 jtmcto,·
1531 515 1641 551 reliqua
1664 514 1787 552 denique

278 587 344 615 pars
371 577 483 615 egregie
510 576 592 605 etiam
612 583 627 603 e
647 575 735 603 Festo
753 573 782 601 in
801 579 873 600 voce
898 574 1058 607 „carpuntur
1076 566 1190 596 restitui
1213 567 1340 599 videtur.

318 630 456 657 Veterum
478 627 612 662 deinceps
647 623 815 654 auctoritate
838 623 929 658 legem
955 619 988 648 ab
1026 618 1159 647 omnibus
1187 618 1247 648 fere
1281 624 1345 647 ante
1379 618 1595 647 Gothofredum
1628 618 1791 656 interpreti-

276 683 331 711 bus
355 681 487 710 omissam
513 685 590 707 recte
612 675 777 713 depromit,
800 682 873 709 quae
896 672 936 700 ita.
957 679 987 699 se
1017 670 1122 699 habet:
1152 672 1202 708 qai
1221 677 1371 709 parentem
1398 672 1536 706 mcassd,
1563 677 1649 709 caput
1677 671 1791 700 obnubi-

278 741 326 769 το,
355 733 484 769 culcoqtte
509 732 619 758 insutus
652 729 683 756 in
710 725 893 764 profluentem
926 723 1075 759 mergitar.
1119 722 1215 760 Hujus
1237 722 1295 751 loci
1318 729 1361 751 est
1388 722 1585 751 testimonium
1618 722 1694 758 apud
1724 731 1793 751 auc-

276 791 368 813 torem
386 783 420 811 ad
438 782 526 811 Herr.
546 780 596 808 ubi
614 779 670 808 ita:
691 779 737 806 lex
752 783 791 805 est
803 796 812 811 ,
833 776 883 813 qui
901 779 1051 812 parentem
1077 782 1184 801 necasse
1201 772 1376 810 judicatur,
1403 775 1427 801 is
1447 773 1588 803 obvolutus
1608 780 1636 802 et
1654 773 1792 811 obligatus

276 835 351 864 coi-ro
375 833 529 871 deficiatur
550 834 581 861 ,72
602 830 779 869 proflmmm
811 826 911 864 (16),
953 824 1042 863 Quod
1062 829 1155 852 autem
1183 824 1238 853 hoc
1262 826 1328 853 loco
1363 825 1409 854 lex
1434 826 1531 858 ἁπλῶς
1562 834 1617 861 pro
1651 826 1714 862 lege
1740 824 1794 854 XII

280 887 378 916 Tabb.
400 885 512 914 dicatur
537 884 575 912 sit
604 883 725 912 suadent
751 887 809 908 tres
833 877 903 907 aliae
928 878 1027 912 lege5‚
1050 883 1122 910 quae
1141 875 1213 905 113110
1230 877 1421 913 comitantur,
1445 886 1576 914 quaeque
1595 877 1630 906 ad
1644 877 1700 906 XII
1716 876 1794 906 Tab.

278 938 422 975 pertinere
439 937 514 965 haud
532 935 647 964 dubium
668 941 724 963 est.
765 931 854 970 Quod
873 938 941 959 vero
956 935 1011 964 pro
1030 925 1128 955 verbis
1149 928 1173 955 is
1198 926 1362 963 obvolutus,
1383 935 1468 967 caput
1487 928 1614 958 obnubilo
1641 927 1794 965 posuerit,

281 989 469 1019 confirmatur
483 996 515 1015 ex
530 988 596 1015 loco
616 985 694 1014 Festi
710 985 739 1014 in
753 992 826 1013 voce
845 982 959 1019 rmptlas
971 999 979 1014 ‚
1003 987 1088 1014 quem
1108 979 1204 1008 locum
1223 979 1261 1008 ita
1275 979 1424 1017 ingeniose
1439 980 1566 1010 restituit
1580 986 1681 1009 auctor
1700 980 1730 1009 in
1744 988 1799 1008 no⁴

281 1039 341 1073 tis,
362 1046 395 1067 ut
419 1040 527 1074 legatur
550 1044 603 1073 pro
624 1036 712 1073 legem
732 1042 838 1072 quoque
856 1036 1047 1070 parenstam,
1075 1030 1161 1067 legem
1183 1040 1288 1068 quoqne
1315 1040 1372 1067 QUI
1397 1040 1580 1061 PARENTEM
1609 1031 1721 1069 (quasi
1744 1030 1799 1060 ini·

281 1091 354 1118 tium
381 1088 470 1118 totius
499 1088 605 1124 legis)
633 1085 736 1124 jubere
758 1090 844 1122 caput
875 1082 934 1118 ejus
966 1078 1101 1110 obnubere
1126 1083 1176 1118 qm·
1202 1089 1351 1120 parentem
1382 1085 1512 1112 necassit.
1563 1076 1698 1119 Denique
1730 1091 1797 1112 cum

282 1147 397 1170 constet
423 1149 457 1169 ex
472 1140 540 1169 Val.
563 1139 635 1168 Max
658 1140 680 1167 1.
703 1146 732 1167 1.
762 1137 801 1166 Ο.
826 1145 853 1165 1.
884 1135 914 1170 §-
937 1142 982 1169 13.
1014 1131 1063 1159 tali
1078 1131 1224 1167 supplicio
1242 1141 1326 1161 usum
1346 1133 1437 1162 fuisse
1460 1134 1653 1170 Tarquinium
1669 1134 1701 1163 in
1718 1133 1800 1162 Mar·

282 1201 348 1221 cum
368 1191 500 1220 Tullium
524 1190 739 1224 Duumvirum‚
762 1187 861 1223 ibique
885 1184 997 1213 dIcatur
1013 1191 1027 1210 ε.
1055 1181 1140 1220 idque
1167 1184 1298 1222 supplicii
1335 1194 1426 1223 genus
1449 1195 1503 1214 non
1533 1187 1620 1215 multo
1644 1192 1705 1224 post
1728 1193 1800 1225 par-

280 1243 380 1272 ricidis
398 1244 456 1280 lege
474 1249 621 1281 erogatum
645 1248 708 1277 est,
739 1240 804 1270 inde
837 1237 940 1267 merito
967 1236 1083 1264 alteram
1104 1234 1176 1271 legis
1203 1241 1312 1271 partem
1336 1244 1371 1265 ex
1395 1236 1440 1266 1115
1462 1237 1690 1274 111111115οκ910τί
1713 1244 1803 1274 posse

284 1293 365 1323 dicit.
407 1294 487 1323 Facit
506 1293 552 1322 hic
582 1293 663 1322 etiam
687 1291 804 1321 Nonius
833 1298 862 1318 0.
886 1298 916 1317 2.
945 1287 974 1315 in
993 1294 1064 1314 voce
1084 1285 1248 1324 perbitere„

321 1345 420 1381 Atque
441 1346 511 1373 haec
530 1346 585 1382 jam
611 1345 678 1373 satis
701 1343 779 1376 sint,
807 1347 840 1369 ut
866 1344 999 1376 appareat
1021 1338 1099 1374 leges
1126 1338 1160 1366 ab
1188 1338 1250 1367 aliis
1276 1338 1396 1368 omissas
1419 1347 1496 1369 recte
1520 1340 1735 1369 Gothofr'edum
1760 1345 1803 1369 at-

284 1395 407 1431 tulisse,
429 1395 464 1424 ab
487 1395 549 1424 31115
570 1403 663 1424 autem
688 1396 784 1423 allatas
808 1391 910 1420 melius
936 1389 1115 1418 restituisse:
1147 1388 1172 1417 si
1192 1390 1249 1427 jam
1272 1399 1436 1420 enumerare
1453 1392 1592 1420 vellemus
1609 1393 1709 1428 leges,
1729 1400 1801 1427 quas

284 1446 389 1484 injuria
412 1447 446 1475 ab
470 1447 532 1476 aliis
554 1449 650 1476 allatas
671 1445 819 1480 omiserit,
838 1442 968 1473 infinitus
989 1446 1065 1468 esset
1081 1439 1173 1470 labor„
1213 1441 1306 1479 Quam
1323 1442 1415 1471 variae
1429 1451 1445 1471 a
1461 1442 1546 1472 variis
1564 1443 1650 1480 JCtis
1665 1450 1693 1472 et
1713 1443 1801 1473 falsae

286 1497 429 1527 interdum
458 1499 612 1528 afferantur
638 1500 737 1535 leges,
776 1505 810 1525 ex
837 1505 903 1532 sup.
935 1492 1028 1529 capite
1058 1492 1129 1521 disci
1160 1492 1277 1528 potuit,
1316 1501 1435 1528 quarum
1467 1502 1528 1523 non
1564 1493 1622 1523 nisi
1657 1494 1804 1525 minimam

285 1555 396 1585 partem
423 1550 582 1579 attulimus,
626 1550 701 1579 Cum
728 1554 821 1576 autem
846 1555 879 1575 eo
907 1546 973 1574 loco
1001 1546 1056 1582 jam
1083 1545 1259 1574 ostendimus
1282 1545 1316 1574 ab
1342 1546 1400 1575 illis
1422 1546 1497 1575 falso
1523 1548 1620 1576 allatas
1645 1557 1661 1576 a
1684 1547 1804 1577 Gotho-

286 1599 367 1628 fredo
391 1606 466 1628 recte
492 1601 612 1629 omissas
632 1609 717 1634 esse,
736 1599 764 1627 in
798 1598 850 1626 1130
877 1603 957 1633 parte
981 1595 1127 1631 longiores
1152 1604 1188 1624 ne
1212 1596 1323 1631 simus,
1354 1603 1431 1625 vetat
1457 1597 1590 1633 superior
1619 1598 1668 1627 ille
1695 1598 1798 1628 labor:

286 1651 330 1679 Ut
351 1658 444 1680 tamen
467 1660 554 1680 unum
576 1652 731 1680 alterumve
756 1649 917 1684 exemplum
940 1646 1110 1681 afferamus,
1132 1654 1208 1675 recte
1232 1647 1347 1676 videtur
1372 1647 1573 1677 Gothofredus
1602 1650 1693 1686 legem
1715 1658 1802 1679 sacra

281 1702 403 1738 privata
419 1709 548 1731 manento
567 1711 628 1732 non
644 1701 673 1731 in
691 1703 786 1738 legum
802 1700 856 1729 XII
868 1698 963 1727 Tabb.
986 1706 1104 1726 numero
1115 1697 1268 1733 habuisse,
1290 1707 1377 1733 quum
1396 1699 1457 1736 ejus
1472 1699 1543 1735 legis
1561 1701 1658 1729 nullus
1678 1701 1716 1730 sit
1734 1710 1803 1730 auc-

287 1757 332 1780 tor
358 1752 415 1781 nisi
439 1752 543 1782 Cicero
568 1753 598 1783 in
619 1752 694 1782 libro
721 1751 755 1781 cle
779 1752 854 1789 legg.
885 1749 935 1778 ubi
961 1749 1029 1778 haec
1057 1750 1104 1778 lex
1129 1749 1203 1778 inter
1229 1750 1333 1777 multas
1357 1749 1426 1778 alias
1458 1750 1651 1787 proponitur,
1682 1761 1801 1788 quarum

1761 1811 1799 1833 ΠΒ

322 1885 338 1918 (
351 1886 407 1920 14)
436 1886 488 1913 eff.
512 1887 595 1913 Festus
615 1886 640 1911 iu
665 1892 736 1912 voce
759 1888 868 1919 tignum.
888 1884 929 1911 ed.
948 1885 1043 1911 Dacer.

320 1931 408 1966 (¹5)
436 1932 551 1965 Gothofr.
578 1934 602 1958 in
625 1933 690 1960 Tab.
708 1933 744 1959 VI
771 1934 838 1958 etin
860 1932 950 1965 probb.
972 1935 1040 1958 etin
1062 1937 1126 1960 nott.
1154 1932 1349 1958 dissentientem
1364 1939 1430 1959 vero
1450 1931 1575 1958 habemus
1605 1933 1746 1959 Gravinam
1772 1934 1798 1960 iu

288 1979 392 2005 Comm.
410 1978 439 2004 ad
463 1980 536 2011 leges
558 1980 609 2005 ΧΠ
629 1980 713 2006 Tabb.
733 1980 758 2005 in
783 1981 856 2014 Orig.
874 1979 935 2008 Jur.
955 1980 1011 2008 civ.
1030 1988 1057 2013 p.
1074 1985 1134 2012 215.
1159 1978 1206 2012 qui
1225 1978 1349 2011 scaligeri
1371 1979 1524 2006 sententiam
1544 1980 1721 2013 amplectitur.

322 2023 405 2058 (16)
429 2024 508 2052 Auct.
534 2026 572 2052 ad
585 2026 664 2053 Herr.
684 2027 707 2054 Ι.
727 2033 768 2059 13.
