1930 2448
362 124 686 157 COMMENTATIO
706 132 748 154 AD
771 124 1081 164 QUAESTIONEM
1096 124 1315 155 MEDICAM.
1559 134 1594 162 71

83 216 170 240 tatem
193 209 419 239 restauratricem
439 210 592 239 observare
615 208 747 245 quidem,
770 208 819 236 sed
838 216 898 237 non
921 208 990 237 satis
1012 208 1155 244 explicare
1175 207 1350 244 potuerint?
1372 206 1442 236 Non
1457 207 1585 236 omnium

82 269 193 292 tantum
215 261 379 291 Medicinae
406 261 528 297 partium
551 260 674 296 arctior,
699 269 770 296 quae
789 259 857 288 olim
875 259 952 294 fuit,
974 260 1103 296 cognitio
1121 260 1208 296 hujus
1235 258 1275 287 rei
1298 267 1381 287 causa
1401 258 1456 287 dici
1473 265 1590 294 potest,

83 314 134 341 sed
158 312 330 349 praecipue,
352 319 384 341 ut
412 311 542 348 quaestio
565 311 614 341 illa
640 313 788 347 solvatur,
813 310 1014 339 attendendum
1035 320 1097 339 esse
1124 311 1239 340 videtur
1260 311 1294 340 ad
1317 310 1472 339 Theoriam
1490 310 1589 345 illam,

82 373 98 392 a
122 363 236 393 Galeno
263 363 456 392 verisimiliter
483 370 576 391 ortum
601 372 684 392 suum
710 363 882 398 habentem,
907 372 991 398 quam
1020 363 1122 391 huicce
1147 363 1276 391 Naturae
1300 362 1429 391 facultati
1455 370 1589 398 perscru-

82 416 182 445 tandae
209 422 237 444 et
259 415 460 452 intelligendae
482 415 634 444 admodum
659 415 794 444 nocuisse
819 422 899 444 antea
921 415 976 452 jam
997 414 1132 443 diximus.
1183 414 1364 451 Intelligitis‚
1394 414 1428 442 de
1456 413 1587 449 partibus

84 475 99 495 e
126 466 262 503 sanguine
281 473 330 495 aut
357 466 463 495 semine
483 466 557 495 natis
580 466 758 502 propositam
777 487 788 503 ,
818 476 862 496 me
887 467 1005 496 innuere
1026 466 1183 495 doctrinam
1194 466 1211 502 ⁸,
1240 474 1321 501 quam
1349 465 1431 493 multi
1457 471 1590 493 auctores

83 517 177 546 secuti
198 524 284 552 sunt,
315 518 476 555 cujusque,
505 516 535 545 in
559 518 727 554 explicanda
756 520 885 548 Naturae
913 518 1047 547 facultate
1071 517 1290 552 restauratrice,
1323 516 1460 545 rationem
1484 516 1592 545 haben-

85 569 148 597 dam
178 578 240 598 esse
260 569 468 597 existimarunt.
510 568 557 597 Sic
578 578 609 599 v.
629 579 659 600 c.
674 562 869 608 explicaturi,
893 579 944 599 cur
964 577 1058 607 partes
1084 570 1233 599 seminales
1253 570 1412 597 coalescere
1429 573 1593 603 nequeant,

83 619 228 649 defectum
254 620 385 649 materiae
409 627 437 649 et
462 620 572 657 agentis
591 627 677 657 atque
700 623 824 659 partium
846 622 1003 652 siccitatem
1026 622 1216 656 accusabant,
1247 626 1275 648 et
1294 620 1379 648 hacce
1397 619 1506 648 ratione
1530 627 1596 655 par-

81 671 154 700 tium
179 671 308 700 omnium
336 672 495 708 laesarum,
524 679 612 708 prout
636 682 651 701 e
676 675 816 712 sanguine
842 682 891 704 aut
921 674 1030 704 semine
1056 674 1120 702 illas
1154 679 1234 702 natas
1262 671 1424 708 putabant,
1456 669 1597 706 explicare

83 722 216 751 solebant
238 722 397 751 faciliorem
420 729 469 751 aut
489 723 679 753 difficiliorem
707 726 857 755 coalitum.

122 777 240 806 Hancce
262 777 428 806 sententiam
441 798 452 814 ,
475 788 562 814 quum
575 801 586 816 ‚
608 789 623 809 a
643 779 746 808 Galeni
763 778 943 816 temporibus
967 786 1060 814 usque
1078 777 1112 806 ad
1137 775 1334 813 praecedentis
1358 774 1464 804 saeculi
1485 782 1591 803 annum

83 829 281 866 trigesimum,
299 830 321 858 ἰ,
339 839 366 859 e.
389 831 423 859 ad
440 831 590 861 Caesarem
607 831 755 869 Magatum
772 840 887 867 usque,
906 837 992 866 atque
1012 830 1087 858 ultra
1102 828 1198 864 forte,
1218 827 1309 856 secuti
1327 826 1404 862 sint,
1427 833 1512 861 atque
1531 824 1596 853 inde

83 882 256 916 vulnerum,
289 883 418 910 ulcerum
445 889 472 911 et
497 883 704 919 fracturarum,
734 882 763 911 in
794 882 916 912 diversis
940 881 1074 917 corporis
1094 880 1242 916 partibus,
1265 878 1440 908 sanationem
1467 876 1594 913 explica⁴

83 924 179 962 verint
205 932 338 968 Medici,
367 941 427 962 non
448 933 578 969 ineptum
600 942 663 962 esse
689 932 823 969 videtur,
852 934 958 962 hancce
985 932 1140 961 Theoriam
1166 930 1342 968 dijudicare,
1364 929 1384 958 i.
1417 938 1443 957 e.
1473 927 1597 956 breviter

85 990 268 1019 monstrare,
297 984 366 1020 quid
392 984 426 1013 de
454 985 578 1021 partium
608 993 622 1012 e
646 985 784 1021 sanguine
808 990 835 1012 et
863 984 970 1013 semine
999 990 1127 1013 natarum
1154 981 1317 1013 differentia
1338 980 1520 1009 statuendum
1546 979 1596 1007 sit.

80 1035 143 1072 Jam
164 1044 234 1065 vero
251 1037 357 1065 nullam
381 1037 465 1065 talem
485 1035 561 1065 inter
579 1035 731 1064 seminales
750 1042 778 1063 et
795 1034 985 1071 sanguineas,
1010 1043 1081 1070 quae
1098 1033 1234 1062 dicuntur
1246 1053 1255 1068 ,
1280 1038 1376 1068 partes
1395 1030 1597 1059 admittendam

86 1095 149 1116 esse
171 1087 377 1122 differentiam,
407 1094 519 1123 praeter
545 1086 748 1123 experientiam
771 1086 832 1122 ipsa
859 1095 978 1123 quoque
1004 1087 1107 1115 docere
1131 1085 1246 1113 videtur
1269 1083 1311 1112 rei
1341 1083 1428 1112 ratio.
1478 1081 1596 1111 Etenim

81 1146 83 1149 ⁴
125 1147 137 1168 1
170 1139 260 1168 Nulla
287 1139 425 1176 proprie,
455 1145 488 1168 ut
517 1139 654 1168 subtilior
675 1138 760 1167 facile
786 1139 869 1167 docet
896 1138 1062 1172 Anatome,
1095 1136 1171 1165 inter
1195 1135 1289 1164 carnis
1313 1140 1341 1163 et
1370 1134 1598 1163 membranarum

83 1190 260 1226 aliarumque
282 1190 406 1227 'partium
432 1190 610 1219 seminalium
634 1196 806 1218 structuram
827 1196 854 1218 et
876 1189 1011 1219 fabricam
1030 1189 1174 1218 invenitur
1193 1187 1375 1222 differentia,
1397 1185 1419 1216 i.
1442 1195 1470 1215 e.
1493 1193 1592 1214 omnes

82 1241 215 1277 corporis
241 1241 356 1269 humani
389 1247 483 1277 partes
511 1249 546 1269 ex
570 1241 666 1269 eadem
696 1247 830 1269 constant
855 1242 913 1269 tela
940 1241 1098 1275 cellulosa,
1129 1238 1317 1268 diversimode
1344 1237 1459 1273 quidem
1488 1236 1516 1265 in
1545 1245 1595 1265 va-

82 1291 134 1320 riis
164 1289 293 1328 'partibus
316 1291 502 1328 modificata,
533 1291 583 1320 sed
615 1290 741 1320 omnium
773 1297 867 1320 tamen
895 1300 1067 1328 organorum
1099 1290 1182 1319 basin
1206 1297 1255 1319 aut
1281 1290 1499 1319 fundamentum
1522 1297 1592 1318 con-

80 1342 237 1372 stituente,

120 1403 151 1424 2.
173 1394 276 1423 omnia
300 1403 405 1432 organa
423 1404 483 1424 non
508 1395 643 1431 diverso,
667 1395 717 1424 sed
735 1393 834 1423 eodem
853 1399 1004 1429 tempore,
1029 1392 1162 1422 inutero
1179 1397 1308 1421 materno
1330 1391 1484 1427 oriuntur,
1508 1397 1593 1428 atque

82 1445 134 1475 uni
159 1446 309 1482 eidemque
333 1447 465 1476 materiae
492 1454 586 1476 ortum
613 1455 696 1475 suum
718 1446 837 1475 debent·

123 1505 152 1534 3.
184 1497 391 1535 Quaecumque
414 1498 546 1534 corporis
571 1497 698 1527 animalis
720 1503 815 1532 partes
838 1496 937 1525 eodem
963 1497 1047 1533 plane
1075 1496 1341 1531 modofvasorum
1365 1495 1499 1524 nimirum
1519 1503 1594 1531 ope,

81 1548 250 1578 nutriuntur
269 1556 298 1578 et
308 1557 536 1580 conservantur.

91 1606 94 1614 ¹
122 1604 162 1636 4’.“,
184 1599 225 1628 Et
244 1600 274 1629 in
296 1601 453 1637 carnibus,
483 1608 510 1629 et
534 1601 563 1629 in
586 1600 719 1634 ossibus,
748 1606 776 1628 et
800 1599 830 1628 in
857 1599 991 1628 omnibus
1012 1599 1136 1634 reliquis
1152 1598 1305 1635 partibus,
1328 1597 1423 1625 eadem
1448 1597 1596 1626 invenitur

85 1656 135 1679 aut
159 1651 251 1687 parari
270 1658 369 1688 potest
380 1673 395 1688 ‚.
412 1652 522 1680 damnis
546 1651 664 1687 corpori
685 1650 772 1679 illatis
795 1650 959 1686 reparandis
982 1650 1160 1685 inserviens,
1183 1649 1300 1685 lympha
1326 1648 1528 1684 coagulabilis.

122 1709 154 1738 5.
182 1701 276 1730 Nisus
301 1703 425 1738 denique
449 1703 623 1731 formativus
651 1710 712 1730 non
739 1707 849 1730 tantum
880 1709 931 1736 per
959 1707 1052 1729 totum
1081 1700 1240 1736 vegetabile
1265 1706 1293 1727 et
1327 1698 1446 1727 animale
1475 1707 1595 1735 regnum

83 1760 328 1790 praesensatque
354 1754 465 1783 activus
488 1760 551 1789 est,
579 1753 631 1782 sed
654 1753 736 1781 etiam
769 1752 799 1780 iu
832 1751 956 1787 singulis
982 1751 1125 1787 corporis
1151 1750 1266 1779 humani
1298 1749 1451 1785 partibus,
1480 1749 1596 1778 diverso

85 1804 219 1841 quamvis*
242 1805 350 1841 gradu,
372 1805 537 1840 invenitur,
568 1811 596 1832 et
624 1805 761 1832 salutares
791 1810 856 1830 suas
880 1801 956 1829 vires
980 1808 1092 1830 exercet
1114 1800 1194 1837 (2).
1242 1801 1269 1830 E
1288 1799 1393 1835 quibus
1420 1799 1594 1836 argumentis

42 1894 44 1896 v
85 1855 154 1884 satis
176 1862 310 1884 constare
331 1856 466 1891 videtur,
489 1855 675 1884 differentiam
701 1854 797 1888 illam,
830 1852 903 1881 inter
930 1852 1021 1881 varias
1047 1851 1179 1888 corporis
1202 1856 1299 1888 partes
1322 1857 1493 1887 assumtam,
1516 1851 1596 1888 inge-

86 1905 171 1936 niose
196 1906 309 1941 quidem
337 1907 543 1944 excogitatam,
566 1900 661 1935 minus
685 1914 753 1934 vero
773 1904 803 1933 in
823 1904 934 1933 Natura
955 1904 1101 1936 fundatam
1123 1912 1199 1933 esse.

92 1975 94 1978 >
126 1958 283 1989 Theoriam
300 1960 395 1996 itaque
412 1960 486 1990 illam
504 1960 662 1989 serioribus
682 1957 861 1996 temporibus
877 1958 941 1994 jure
958 1955 1112 1990 reliquisse
1134 1954 1267 1984 videntur
1284 1953 1418 1989 Medici,
1442 1952 1511 1989 qui,
1530 1961 1595 1981 ana-

87 2011 193 2049 lbgiam
214 2012 362 2048 quamdam
389 2012 463 2041 inter
483 2012 733 2048 omnes-corporis
753 2012 869 2041 humani
888 2018 987 2048 partes
1006 2009 1215 2047 perspicientes
1226 2029 1245 2046 ,-
1257 2009 1388 2039 Naturae
1413 2008 1594 2041 facultatem,

1551 2067 1599 2088 so-

123 2123 188 2158 (222)
208 2126 293 2152 Confi
308 2125 462 2159 Sprengel's·
473 2125 607 2159 Apologie
625 2125 668 2152 des
686 2125 860 2159 Hippocrates
877 2131 944 2157 etc„
968 2124 995 2151 11
1007 2123 1163 2157 Theil'pag.
1178 2131 1226 2157 φοι
