1930 2448
372 112 603 146 RESPONSIO
633 121 683 143 An·
703 109 1016 151 QUAESTIONEM
1045 109 1374 142 THEOLOGICAM.
1610 124 1645 152 33

127 210 164 231 na
185 208 245 230 non
269 197 466 234 committere,
500 203 528 226 et
549 195 719 232 Analogiam
743 194 891 224 doctrinae
912 193 993 223 libris
1020 194 1107 224 sacris
1131 194 1249 223 traditae
1268 194 1494 231 frequentissimi
1520 195 1637 224 omnino

127 252 159 282 in
190 250 404 288 interpretando
436 257 499 278 esse
521 256 604 277 usus.
647 247 709 276 Hac
734 246 824 283 igitur
850 246 983 275 absoluta
1012 245 1256 275 demonstratione
1282 246 1427 282 pergimus
1454 246 1489 275 ad
1520 246 1558 276 C.
1585 246 1640 275 111.

128 313 187 340 quo
203 302 288 332 nobis
307 301 492 338 propositum
515 298 572 328 fuit
587 298 757 333 ostendere,
780 295 880 335 quibus
895 295 1068 334 prudentiae
1090 297 1194 335 legibus
1217 306 1363 326 sacrorum
1386 299 1538 336 praecipue
1554 298 1642 336 scrip-

129 362 222 384 torum
249 353 404 383 adstrictus
427 353 465 381 sit
482 353 643 389 interpres,
665 359 699 378 ne
716 349 882 387 dogmaticis
901 349 1013 386 magis,
1033 357 1119 385 quam
1133 350 1334 386 grammaticis
1356 348 1514 377 rationibus
1534 357 1561 376 se
1579 347 1645 376 duci

129 408 284 446 patiatur:
302 411 389 443 atque
410 403 628 432 Hermenetttica
654 401 708 429 har:
725 402 906 439 pertinentia
929 406 1081 438 praecepta
1100 399 1233 430 distincte
1251 408 1385 439 exponere
1407 406 1493 438 atque
1513 399 1644 438 exemplis

129 466 145 486 e
164 457 204 487 V.
233 463 319 494 atque
346 455 392 486 N.
413 454 451 485 F.
467 455 567 494 petitis
587 453 740 482 illustrare
763 458 792 481 et
815 450 995 488 confirmare.

387 725 761 766 CAPUT
846 722 1407 763 TERTIUM.

167 850 389 876 PRUDENTIAE
424 847 553 875 LEGES,
588 847 709 876 QUIBUS
747 847 929 869 SACRORUM
962 846 1182 868 SCRIPTORUM
1210 845 1423 867 ADSTRICTUS
1456 845 1518 867 EST
1553 846 1604 866 ΙΝ-

211 901 382 929 TERPRES,
416 900 461 922 NE
490 898 694 921 DOGMATICIS
731 899 854 927 MAGIS,
892 900 987 928 QUAM
1024 898 1255 922 GRAMMATICIS
1293 899 1496 921 RATIONIBUS
1530 900 1567 921 SE

740 951 825 973 DUCI
852 951 1035 973 PATIATUR.

170 1088 201 1125 §.
225 1095 255 1117 ι.
295 1084 396 1114 Pauca
411 1082 452 1115 {de
476 1082 700 1122 interpretibus,
724 1083 775 1121 qm·
805 1081 985 1120 Dogmaticis
1013 1082 1104 1120 magis
1134 1091 1220 1121 quam
1255 1081 1462 1112 Grammaticis
1485 1081 1609 1110 rationi‘

776 1133 826 1163 bus
852 1132 1009 1163 ducuntur.

133 1228 318 1308 Quoniam
343 1257 431 1285 aitera
458 1252 635 1292 quaestionis
659 1261 740 1292 parte
763 1264 817 1293 pro
842 1261 922 1286 certo
946 1258 1122 1294 assumitur,
1150 1264 1254 1287 eorum
1275 1255 1415 1285 rationem
1442 1262 1504 1283 esse
1530 1253 1647 1289 culpan-

130 1311 216 1345 dam,
238 1308 289 1345 qui
306 1308 337 1337 in
352 1307 567 1344 interpretando
583 1307 694 1336 Codice
712 1308 800 1338 Sacro
820 1308 999 1346 Dogmaticis
1009 1310 1078 1346 plus
1099 1317 1183 1345 quam
1199 1306 1400 1338 Grammaticis
1417 1305 1576 1335 rationibus
1597 1304 1648 1332 tri-

131 1362 244 1396 buant,
263 1368 325 1390 non
346 1366 421 1395 opus
450 1357 540 1387 fuerit
563 1358 626 1387 data
654 1367 743 1396 opera
764 1359 976 1397 interpretum,
1007 1361 1058 1398 qui
1087 1360 1244 1396 dicuntur,
1272 1357 1509 1395 Dogmaticorum
1536 1364 1648 1385 errores

131 1414 179 1443 hic
208 1413 266 1443 loci
293 1418 394 1442 notare
419 1418 447 1441 et
469 1410 615 1441 refelleret
640 1412 718 1448 quod
738 1420 772 1441 eo
797 1413 899 1442 melius
923 1413 979 1442 hoe
1002 1414 1070 1442 loeo
1088 1411 1184 1440 omitti
1202 1416 1320 1448 potest,
1343 1417 1401 1445 quo
1426 1408 1529 1437 clarius
1550 1416 1565 1435 e
1586 1407 1648 1435 dic-

132 1465 171 1494 tis
198 1464 237 1495 C.
259 1466 286 1493 Ι.
317 1464 346 1500 §-
371 1470 399 1493 1.
428 1468 542 1499 pateat,
563 1462 635 1491 illud
661 1463 810 1493 hominurn
837 1473 926 1502 genus
951 1464 999 1493 vix
1023 1463 1212 1499 interpretum
1236 1461 1353 1492 nomine
1380 1459 1545 1497 compellari
1564 1467 1652 1495 opor-

132 1523 206 1546 tere.
247 1514 419 1550 Priusquam
448 1521 518 1542 νει-ο
547 1513 764 1550 progrediamur
797 1516 834 1545 ad
864 1522 1016 1553 praecepta
1042 1515 1197 1550 tradenda,
1228 1513 1335 1550 quibus
1365 1511 1525 1541 observatis
1551 1519 1651 1539 eorum

133 1574 248 1595 errores
273 1564 366 1594 caveri
394 1564 529 1601 possint,
550 1564 651 1601 paucis
669 1573 814 1602 exponere
832 1566 936 1603 liceat,
959 1567 1030 1603 quid
1049 1567 1086 1596 sit
1104 1565 1284 1603 Dogmaticis
1308 1563 1418 1601 magis,
1441 1571 1525 1598 quam
1548 1561 1652 1590 Gram-

133 1616 245 1646 maticis
266 1615 428 1644 rationibus
454 1615 543 1651 duci,
564 1621 598 1644 ut
625 1615 747 1652 vitium,
770 1617 848 1653 quod
874 1617 1044 1654 fugiendum
1063 1616 1122 1652 sit,
1142 1616 1228 1646 nobis
1253 1621 1318 1644 ante
1343 1615 1446 1643 oculos
1466 1612 1548 1649 quasi
1567 1612 1650 1641 sista-

131 1674 198 1702 tur,
217 1673 304 1702 atque
327 1665 407 1696 omni
433 1674 498 1694 cum
523 1666 620 1695 studio
644 1666 816 1704 indagetur,
838 1668 985 1704 quomodo
1007 1667 1042 1696 ab
1067 1676 1101 1696 eo
1128 1667 1185 1696 tuti
1205 1666 1297 1695 futuri
1324 1666 1426 1694 simus.

170 1719 320 1753 Fuerunt,
343 1722 430 1752 atque
462 1716 615 1745 etiamnum
640 1723 708 1746 sunt
731 1717 839 1753 hodie,
859 1718 932 1754 qui,
954 1717 1177 1747 Grammaticam
1200 1716 1465 1753 interpretationem
1484 1715 1513 1745 in
1532 1714 1651 1751 syllabis

134 1776 164 1799 et
184 1768 277 1798 literis
294 1768 410 1796 haerere
430 1767 643 1803 praedicantes,
664 1767 765 1797 nescio
788 1776 873 1805 quam
899 1768 1109 1807 Theologicam
1127 1769 1393 1805 interpretationem
1415 1769 1540 1806 jactent,
1561 1774 1648 1803 atque

134 1830 188 1851 nec
212 1819 414 1849 communibus
435 1819 639 1855 interpretandi
657 1818 811 1856 principiis
837 1827 974 1857 utantur,
1001 1830 1055 1850 nec
1078 1829 1145 1850 suas
1166 1820 1419 1857 interpretationes
1442 1810 1652 1848 Grammaticae

136 1872 376 1908 superstruendas
405 1880 468 1900 esse
492 1876 636 1900 censeant.
676 1870 742 1907 lta,
762 1871 844 1901 verbi
868 1881 973 1909 causa,
998 1872 1097 1902 multis
1120 1881 1199 1902 more
1224 1879 1370 1910 receptum
1394 1879 1461 1908 est,
1490 1878 1540 1907 ut,
1562 1871 1592 1901 in
1611 1870 1652 1899 V.

135 1924 171 1953 F.
194 1923 345 1958 occupati,
366 1922 502 1951 omnibus
530 1921 642 1951 viribus
670 1922 844 1958 promissum
872 1923 988 1960 Judaeis
1013 1924 1152 1953 Messiam
1180 1924 1275 1953 ubivis
1306 1931 1452 1960 quaerant.
1493 1922 1563 1952 Non
1590 1929 1653 1951 tan·

133 1982 197 2005 tum
214 1975 246 2004 in
268 1974 304 2003 iis
322 1973 415 2010 locis,
437 1974 468 2003 in
488 1974 594 2009 quibus
610 1973 698 2003 verba
716 1974 981 2012 quomodocunque
1000 1975 1285 2012 interpretationem,
1308 1983 1391 2011 quam
1409 1981 1531 2011 optant,
1552 1974 1653 2003 admit-

133 2034 195 2056 tere
210 2026 364 2061 videntur,
385 2035 430 2054 res
449 2027 509 2063 ejus
524 2025 648 2055 describi
668 2035 791 2063 eumque
809 2027 888 2064 typis
911 2026 1117 2064 repraesentari
1135 2033 1162 2055 et
1179 2026 1309 2062 proxime
1325 2026 1479 2063 significari
1497 2033 1649 2062 statuunt3

135 2079 188 2108 sed
204 2078 287 2107 etiam
305 2078 335 2108 in
349 2078 411 2107 aliis
424 2099 434 2116 ,
456 2078 507 2107 ubi
533 2079 613 2108 nulla
622 2077 775 2109 verborum
791 2079 888 2116 specie
907 2085 972 2109 ante
996 2084 1149 2114 conceptas
1168 2077 1320 2115 opiniones
1338 2086 1438 2108 ornare
1453 2083 1580 2114 possunt
1591 2098 1600 2112 ‚
1618 2077 1653 2104 de

980 2129 1008 2159 Ε
1570 2127 1653 2157 Mes·
