<?xml version="1.0" encoding="UTF-8"?>
<!DOCTYPE html PUBLIC "-//W3C//DTD XHTML 1.0 Transitional//EN"
    "http://www.w3.org/TR/xhtml1/DTD/xhtml1-transitional.dtd">
<html xmlns="http://www.w3.org/1999/xhtml" xml:lang="en" lang="en">
 <head>
  <title>
</title>
<meta http-equiv="Content-Type" content="text/html;charset=utf-8" />
  <meta name='ocr-system' content='tesseract 3.04.00' />
  <meta name='ocr-capabilities' content='ocr_page ocr_carea ocr_par ocr_line ocrx_word'/>
</head>
<body>
  <div class='ocr_page' id='page_1' title='image "annalesacademiae22rijk_0355.png"; bbox 0 0 1930 2448; ppageno 0'>
   <div class='ocr_carea' id='block_1_1' title="bbox 0 1262 7 1969">
    <p class='ocr_par' dir='ltr' id='par_1_1' title="bbox 0 1262 7 1969">
     <span class='ocr_line' id='line_1_1' title="bbox 0 1262 7 1969; baseline 0 0"><span class='ocrx_word' id='word_1_1' title='bbox 0 1262 7 1969; x_wconf 95' lang='lat' dir='ltr'> </span> 
     </span>
    </p>
   </div>
   <div class='ocr_carea' id='block_1_2' title="bbox 229 88 1647 142">
    <p class='ocr_par' dir='ltr' id='par_1_2' title="bbox 229 88 1647 142">
     <span class='ocr_line' id='line_1_2' title="bbox 229 88 1647 142; baseline 0.011 -19"><span class='ocrx_word' id='word_1_2' title='bbox 229 88 480 124; x_wconf 80' lang='lat' dir='ltr'><strong>RESPONSUM</strong></span> <span class='ocrx_word' id='word_1_3' title='bbox 499 90 546 125; x_wconf 27' lang='lat' dir='ltr'>AD*</span> <span class='ocrx_word' id='word_1_4' title='bbox 566 92 874 135; x_wconf 77' lang='lat' dir='ltr'><strong>QUAESTIONEM</strong></span> <span class='ocrx_word' id='word_1_5' title='bbox 896 97 1541 142; x_wconf 68' lang='lat' dir='ltr'>PHILOSOPHICO-THEORETICAM.</span> <span class='ocrx_word' id='word_1_6' title='bbox 1611 120 1647 140; x_wconf 63' lang='grc' dir='ltr'>ει</span> 
     </span>
    </p>
   </div>
   <div class='ocr_carea' id='block_1_3' title="bbox 118 177 1651 1159">
    <p class='ocr_par' dir='ltr' id='par_1_3' title="bbox 118 177 1651 1159">
     <span class='ocr_line' id='line_1_3' title="bbox 177 177 1646 222; baseline 0.012 -17"><span class='ocrx_word' id='word_1_7' title='bbox 177 177 334 212; x_wconf 81' lang='lat' dir='ltr'>Caussam,</span> <span class='ocrx_word' id='word_1_8' title='bbox 355 185 407 206; x_wconf 90' lang='lat' dir='ltr'>cur</span> <span class='ocrx_word' id='word_1_9' title='bbox 422 177 457 206; x_wconf 87' lang='lat' dir='ltr'>ad</span> <span class='ocrx_word' id='word_1_10' title='bbox 475 178 624 208; x_wconf 87' lang='lat' dir='ltr'>terminum</span> <span class='ocrx_word' id='word_1_11' title='bbox 644 180 755 208; x_wconf 87' lang='lat' dir='ltr'>tandem</span> <span class='ocrx_word' id='word_1_12' title='bbox 776 179 926 216; x_wconf 81' lang='lat' dir='ltr'><strong>quemdam</strong></span> <span class='ocrx_word' id='word_1_13' title='bbox 948 182 1160 221; x_wconf 83' lang='lat' dir='ltr'>subsistamus,</span> <span class='ocrx_word' id='word_1_14' title='bbox 1184 186 1232 222; x_wconf 87' lang='lat' dir='ltr'>qui</span> <span class='ocrx_word' id='word_1_15' title='bbox 1249 187 1286 216; x_wconf 91' lang='lat' dir='ltr'>sit</span> <span class='ocrx_word' id='word_1_16' title='bbox 1305 188 1455 219; x_wconf 86' lang='lat' dir='ltr'>absolutus</span> <span class='ocrx_word' id='word_1_17' title='bbox 1472 197 1500 219; x_wconf 87' lang='lat' dir='ltr'>et</span> <span class='ocrx_word' id='word_1_18' title='bbox 1518 192 1646 222; x_wconf 47' lang='lat' dir='ltr'>omniurn</span> 
     </span>
     <span class='ocr_line' id='line_1_4' title="bbox 135 221 1646 280; baseline 0.01 -24"><span class='ocrx_word' id='word_1_19' title='bbox 135 221 272 263; x_wconf 67' lang='lat' dir='ltr'>nitimus,</span> <span class='ocrx_word' id='word_1_20' title='bbox 298 228 432 257; x_wconf 83' lang='lat' dir='ltr'>Kantiani</span> <span class='ocrx_word' id='word_1_21' title='bbox 458 229 557 258; x_wconf 87' lang='lat' dir='ltr'>dicunt</span> <span class='ocrx_word' id='word_1_22' title='bbox 586 240 647 259; x_wconf 87' lang='lat' dir='ltr'>esse</span> <span class='ocrx_word' id='word_1_23' title='bbox 672 231 778 260; x_wconf 87' lang='lat' dir='ltr'>finitam</span> <span class='ocrx_word' id='word_1_24' title='bbox 806 238 932 260; x_wconf 83' lang='lat' dir='ltr'>nostram</span> <span class='ocrx_word' id='word_1_25' title='bbox 959 240 1106 271; x_wconf 84' lang='lat' dir='ltr'>naturam,</span> <span class='ocrx_word' id='word_1_26' title='bbox 1135 246 1219 273; x_wconf 86' lang='lat' dir='ltr'>quam</span> <span class='ocrx_word' id='word_1_27' title='bbox 1244 240 1456 270; x_wconf 77' lang='lat' dir='ltr'>sensibilitatem</span> <span class='ocrx_word' id='word_1_28' title='bbox 1482 246 1646 280; x_wconf 82' lang='lat' dir='ltr'>appellant:</span> 
     </span>
     <span class='ocr_line' id='line_1_5' title="bbox 137 276 1649 330; baseline 0.013 -24"><span class='ocrx_word' id='word_1_29' title='bbox 137 279 216 314; x_wconf 91' lang='lat' dir='ltr'>quod</span> <span class='ocrx_word' id='word_1_30' title='bbox 239 288 298 307; x_wconf 92' lang='lat' dir='ltr'>non</span> <span class='ocrx_word' id='word_1_31' title='bbox 322 279 410 316; x_wconf 83' lang='lat' dir='ltr'>magis</span> <span class='ocrx_word' id='word_1_32' title='bbox 430 276 541 309; x_wconf 81' lang='lat' dir='ltr'>firmum</span> <span class='ocrx_word' id='word_1_33' title='bbox 566 290 646 318; x_wconf 84' lang='lat' dir='ltr'>esse,</span> <span class='ocrx_word' id='word_1_34' title='bbox 674 291 707 310; x_wconf 83' lang='lat' dir='ltr'>ex</span> <span class='ocrx_word' id='word_1_35' title='bbox 731 282 814 311; x_wconf 87' lang='lat' dir='ltr'>dictis</span> <span class='ocrx_word' id='word_1_36' title='bbox 840 284 1040 319; x_wconf 84' lang='lat' dir='ltr'>consequitur.</span> <span class='ocrx_word' id='word_1_37' title='bbox 1082 288 1131 316; x_wconf 88' lang='lat' dir='ltr'>Ad</span> <span class='ocrx_word' id='word_1_38' title='bbox 1153 289 1363 320; x_wconf 74' lang='lat' dir='ltr'>sensibilitatem</span> <span class='ocrx_word' id='word_1_39' title='bbox 1390 294 1483 328; x_wconf 79' lang='lat' dir='ltr'>enim,</span> <span class='ocrx_word' id='word_1_40' title='bbox 1504 304 1587 330; x_wconf 85' lang='lat' dir='ltr'>quam</span> <span class='ocrx_word' id='word_1_41' title='bbox 1605 296 1649 325; x_wconf 82' lang='lat' dir='ltr'>di-</span> 
     </span>
     <span class='ocr_line' id='line_1_6' title="bbox 133 329 1651 385; baseline 0.014 -29"><span class='ocrx_word' id='word_1_42' title='bbox 133 329 223 364; x_wconf 81' lang='lat' dir='ltr'>cun&#39;t,</span> <span class='ocrx_word' id='word_1_43' title='bbox 245 329 391 365; x_wconf 82' lang='lat' dir='ltr'>pertinere</span> <span class='ocrx_word' id='word_1_44' title='bbox 409 332 584 368; x_wconf 81' lang='lat' dir='ltr'>phantasiam</span> <span class='ocrx_word' id='word_1_45' title='bbox 596 354 606 368; x_wconf 82' lang='lat'>,</span> <span class='ocrx_word' id='word_1_46' title='bbox 630 332 696 368; x_wconf 79' lang='lat' dir='ltr'>quis</span> <span class='ocrx_word' id='word_1_47' title='bbox 710 335 820 370; x_wconf 75' lang='lat' dir='ltr'>neget?</span> <span class='ocrx_word' id='word_1_48' title='bbox 850 335 941 364; x_wconf 83' lang='lat' dir='ltr'>Immo</span> <span class='ocrx_word' id='word_1_49' title='bbox 960 337 1031 365; x_wconf 83' lang='lat' dir='ltr'>ratio</span> <span class='ocrx_word' id='word_1_50' title='bbox 1049 346 1111 374; x_wconf 77' lang='lat' dir='ltr'>est,</span> <span class='ocrx_word' id='word_1_51' title='bbox 1136 349 1206 375; x_wconf 88' lang='lat' dir='ltr'>quae</span> <span class='ocrx_word' id='word_1_52' title='bbox 1221 342 1371 372; x_wconf 59' lang='lat' dir='ltr'>dictatoria</span> <span class='ocrx_word' id='word_1_53' title='bbox 1390 346 1557 375; x_wconf 79' lang='lat' dir='ltr'>auctoritate</span> <span class='ocrx_word' id='word_1_54' title='bbox 1579 357 1651 385; x_wconf 55' lang='lat' dir='ltr'>pro,-</span> 
     </span>
     <span class='ocr_line' id='line_1_7' title="bbox 131 380 1645 439; baseline 0.013 -31"><span class='ocrx_word' id='word_1_55' title='bbox 131 380 401 416; x_wconf 71' lang='lat' dir='ltr'>11unciat,·nullum</span> <span class='ocrx_word' id='word_1_56' title='bbox 423 393 477 412; x_wconf 70' lang='lat' dir='ltr'>esse</span> <span class='ocrx_word' id='word_1_57' title='bbox 495 386 526 412; x_wconf 83' lang='lat' dir='ltr'>in</span> <span class='ocrx_word' id='word_1_58' title='bbox 545 383 688 419; x_wconf 75' lang='lat' dir='ltr'>infinitum</span> <span class='ocrx_word' id='word_1_59' title='bbox 704 393 903 423; x_wconf 67' lang='lat' dir='ltr'>progressum:</span> <span class='ocrx_word' id='word_1_60' title='bbox 936 386 999 419; x_wconf 85' lang='lat' dir='ltr'>fieri</span> <span class='ocrx_word' id='word_1_61' title='bbox 1021 397 1108 424; x_wconf 86' lang='lat' dir='ltr'>posse</span> <span class='ocrx_word' id='word_1_62' title='bbox 1138 399 1223 428; x_wconf 84' lang='lat' dir='ltr'>negat</span> <span class='ocrx_word' id='word_1_63' title='bbox 1251 393 1344 429; x_wconf 82' lang='lat' dir='ltr'>ratio,</span> <span class='ocrx_word' id='word_1_64' title='bbox 1378 396 1457 431; x_wconf 87' lang='lat' dir='ltr'>quod</span> <span class='ocrx_word' id='word_1_65' title='bbox 1478 406 1492 425; x_wconf 88' lang='lat' dir='ltr'>e</span> <span class='ocrx_word' id='word_1_66' title='bbox 1512 399 1645 439; x_wconf 69' lang='lat' dir='ltr'>partibus</span> 
     </span>
     <span class='ocr_line' id='line_1_8' title="bbox 132 433 1646 483; baseline 0.013 -23"><span class='ocrx_word' id='word_1_67' title='bbox 132 437 177 459; x_wconf 89' lang='lat' dir='ltr'>est</span> <span class='ocrx_word' id='word_1_68' title='bbox 202 433 356 462; x_wconf 85' lang='lat' dir='ltr'>conflatum</span> <span class='ocrx_word' id='word_1_69' title='bbox 379 436 522 470; x_wconf 86' lang='lat' dir='ltr'>(quarum</span> <span class='ocrx_word' id='word_1_70' title='bbox 535 456 545 469; x_wconf 84' lang='lat'>,</span> <span class='ocrx_word' id='word_1_71' title='bbox 566 442 710 470; x_wconf 85' lang='lat' dir='ltr'>quotquot</span> <span class='ocrx_word' id='word_1_72' title='bbox 725 435 801 470; x_wconf 83' lang='lat' dir='ltr'>sint,</span> <span class='ocrx_word' id='word_1_73' title='bbox 825 444 962 465; x_wconf 84' lang='lat' dir='ltr'>numerus</span> <span class='ocrx_word' id='word_1_74' title='bbox 983 446 1076 469; x_wconf 86' lang='lat' dir='ltr'>tamen</span> <span class='ocrx_word' id='word_1_75' title='bbox 1098 442 1188 479; x_wconf 79' lang='lat' dir='ltr'>est),</span> <span class='ocrx_word' id='word_1_76' title='bbox 1210 444 1239 472; x_wconf 88' lang='lat' dir='ltr'>id</span> <span class='ocrx_word' id='word_1_77' title='bbox 1256 447 1353 483; x_wconf 63' lang='lat' dir='ltr'>nullos</span> <span class='ocrx_word' id='word_1_78' title='bbox 1372 447 1475 476; x_wconf 84' lang='lat' dir='ltr'>habere</span> <span class='ocrx_word' id='word_1_79' title='bbox 1494 450 1646 480; x_wconf 82' lang='lat' dir='ltr'>terminos.</span> 
     </span>
     <span class='ocr_line' id='line_1_9' title="bbox 130 481 1646 546; baseline 0.014 -36"><span class='ocrx_word' id='word_1_80' title='bbox 130 481 289 513; x_wconf 85' lang='lat' dir='ltr'>Haec&#39;non</span> <span class='ocrx_word' id='word_1_81' title='bbox 310 484 382 513; x_wconf 90' lang='lat' dir='ltr'>vidit</span> <span class='ocrx_word' id='word_1_82' title='bbox 400 483 521 514; x_wconf 85' lang='lat' dir='ltr'>Kantius</span> <span class='ocrx_word' id='word_1_83' title='bbox 535 506 545 521; x_wconf 92' lang='lat'>,</span> <span class='ocrx_word' id='word_1_84' title='bbox 568 486 635 514; x_wconf 83' lang='lat' dir='ltr'>haec</span> <span class='ocrx_word' id='word_1_85' title='bbox 656 496 715 516; x_wconf 91' lang='lat' dir='ltr'>non</span> <span class='ocrx_word' id='word_1_86' title='bbox 735 495 925 523; x_wconf 77' lang='lat' dir='ltr'>perspexere,</span> <span class='ocrx_word' id='word_1_87' title='bbox 950 490 999 525; x_wconf 88' lang='lat' dir='ltr'>qui</span> <span class='ocrx_word' id='word_1_88' title='bbox 1015 499 1078 520; x_wconf 88' lang='lat' dir='ltr'>eum</span> <span class='ocrx_word' id='word_1_89' title='bbox 1100 494 1215 529; x_wconf 80' lang='lat' dir='ltr'>sequuti</span> <span class='ocrx_word' id='word_1_90' title='bbox 1236 503 1321 532; x_wconf 87' lang='lat' dir='ltr'>sunt,</span> <span class='ocrx_word' id='word_1_91' title='bbox 1345 506 1456 528; x_wconf 84' lang='lat' dir='ltr'>omnes.</span> <span class='ocrx_word' id='word_1_92' title='bbox 1487 500 1563 530; x_wconf 89' lang='lat' dir='ltr'>Hinc</span> <span class='ocrx_word' id='word_1_93' title='bbox 1582 501 1646 546; x_wconf 79' lang='lat' dir='ltr'>iliae</span> 
     </span>
     <span class='ocr_line' id='line_1_10' title="bbox 129 534 1636 585; baseline 0.015 -24"><span class='ocrx_word' id='word_1_94' title='bbox 129 534 270 570; x_wconf 80' lang='lat' dir='ltr'>lacrymae</span> <span class='ocrx_word' id='word_1_95' title='bbox 291 536 307 571; x_wconf 89' lang='lat'>(</span> <span class='ocrx_word' id='word_1_96' title='bbox 323 544 335 563; x_wconf 93' lang='lat'>1</span> <span class='ocrx_word' id='word_1_97' title='bbox 349 536 378 572; x_wconf 74' lang='lat'>&gt;0</span> <span class='ocrx_word' id='word_1_98' title='bbox 410 544 413 548; x_wconf 88' lang='lat'><em>·</em></span> <span class='ocrx_word' id='word_1_99' title='bbox 871 548 873 550; x_wconf 87' lang='lat'>&#39;</span> <span class='ocrx_word' id='word_1_100' title='bbox 1245 583 1249 585; x_wconf 16' lang='grc' dir='ltr'><strong>λ</strong></span> <span class='ocrx_word' id='word_1_101' title='bbox 1632 582 1636 584; x_wconf 71' lang='grc'>,</span> 
     </span>
     <span class='ocr_line' id='line_1_11' title="bbox 126 585 1645 647; baseline 0.016 -35"><span class='ocrx_word' id='word_1_102' title='bbox 126 594 129 597; x_wconf 93' lang='grc'><strong><em>·</em></strong></span> <span class='ocrx_word' id='word_1_103' title='bbox 165 585 255 614; x_wconf 84' lang='lat' dir='ltr'>Nulla</span> <span class='ocrx_word' id='word_1_104' title='bbox 275 587 362 623; x_wconf 80' lang='lat' dir='ltr'>igitur</span> <span class='ocrx_word' id='word_1_105' title='bbox 381 592 540 626; x_wconf 50' lang='lat' dir='ltr'>ese-pugna</span> <span class='ocrx_word' id='word_1_106' title='bbox 561 588 680 621; x_wconf 80' lang='lat' dir='ltr'>rationis</span> <span class='ocrx_word' id='word_1_107' title='bbox 708 601 773 621; x_wconf 88' lang='lat' dir='ltr'>cum</span> <span class='ocrx_word' id='word_1_108' title='bbox 801 594 935 631; x_wconf 84' lang='lat' dir='ltr'>ratione,</span> <span class='ocrx_word' id='word_1_109' title='bbox 965 599 1043 627; x_wconf 81' lang='lat' dir='ltr'>nulla</span> <span class='ocrx_word' id='word_1_110' title='bbox 1071 599 1235 631; x_wconf 75' lang='lat' dir='ltr'>antinomia.</span> <span class='ocrx_word' id='word_1_111' title='bbox 1277 602 1319 631; x_wconf 91' lang='lat' dir='ltr'>At</span> <span class='ocrx_word' id='word_1_112' title='bbox 1348 604 1445 642; x_wconf 73' lang='lat' dir='ltr'>enim,</span> <span class='ocrx_word' id='word_1_113' title='bbox 1476 615 1645 647; x_wconf 80' lang='lat' dir='ltr'>quamquain</span> 
     </span>
     <span class='ocr_line' id='line_1_12' title="bbox 126 635 1644 688; baseline 0.018 -26"><span class='ocrx_word' id='word_1_114' title='bbox 126 635 195 664; x_wconf 82' lang='lat' dir='ltr'>haec</span> <span class='ocrx_word' id='word_1_115' title='bbox 221 636 259 664; x_wconf 89' lang='lat' dir='ltr'>ita</span> <span class='ocrx_word' id='word_1_116' title='bbox 283 637 362 673; x_wconf 84' lang='lat' dir='ltr'>sint,</span> <span class='ocrx_word' id='word_1_117' title='bbox 383 639 473 668; x_wconf 19' lang='lat' dir='ltr'>,ideae</span> <span class='ocrx_word' id='word_1_118' title='bbox 503 647 595 670; x_wconf 87' lang='lat' dir='ltr'>tamen</span> <span class='ocrx_word' id='word_1_119' title='bbox 621 643 692 677; x_wconf 85' lang='lat' dir='ltr'>hae,</span> <span class='ocrx_word' id='word_1_120' title='bbox 721 651 786 673; x_wconf 87' lang='lat' dir='ltr'>utut</span> <span class='ocrx_word' id='word_1_121' title='bbox 813 655 987 684; x_wconf 84' lang='lat' dir='ltr'>nascantur,</span> <span class='ocrx_word' id='word_1_122' title='bbox 1018 659 1033 677; x_wconf 88' lang='lat' dir='ltr'>e</span> <span class='ocrx_word' id='word_1_123' title='bbox 1063 659 1178 681; x_wconf 82' lang='lat' dir='ltr'>nostrae</span> <span class='ocrx_word' id='word_1_124' title='bbox 1210 654 1313 683; x_wconf 85' lang='lat' dir='ltr'>mentis</span> <span class='ocrx_word' id='word_1_125' title='bbox 1347 658 1449 685; x_wconf 67' lang='lat' dir='ltr'>natura</span> <span class='ocrx_word' id='word_1_126' title='bbox 1481 661 1644 688; x_wconf 64' lang='lat' dir='ltr'>necessario</span> 
     </span>
     <span class='ocr_line' id='line_1_13' title="bbox 127 689 1647 748; baseline 0.017 -34"><span class='ocrx_word' id='word_1_127' title='bbox 127 694 220 715; x_wconf 82' lang='lat' dir='ltr'>ortum</span> <span class='ocrx_word' id='word_1_128' title='bbox 247 689 377 725; x_wconf 80' lang='lat' dir='ltr'>ducunt,</span> <span class='ocrx_word' id='word_1_129' title='bbox 398 700 449 719; x_wconf 87' lang='lat' dir='ltr'>nec</span> <span class='ocrx_word' id='word_1_130' title='bbox 473 690 531 721; x_wconf 80' lang='lat' dir='ltr'>ulla</span> <span class='ocrx_word' id='word_1_131' title='bbox 558 702 600 722; x_wconf 85' lang='lat' dir='ltr'>est</span> <span class='ocrx_word' id='word_1_132' title='bbox 631 696 761 725; x_wconf 80' lang='lat' dir='ltr'>absoluta</span> <span class='ocrx_word' id='word_1_133' title='bbox 786 699 966 735; x_wconf 72' lang='lat' dir='ltr'>necessitas,</span> <span class='ocrx_word' id='word_1_134' title='bbox 992 710 1064 736; x_wconf 86' lang='lat' dir='ltr'>quae</span> <span class='ocrx_word' id='word_1_135' title='bbox 1089 710 1174 739; x_wconf 79' lang='lat' dir='ltr'>cogat</span> <span class='ocrx_word' id='word_1_136' title='bbox 1198 705 1241 732; x_wconf 83' lang='lat' dir='ltr'>his</span> <span class='ocrx_word' id='word_1_137' title='bbox 1263 705 1335 734; x_wconf 85' lang='lat' dir='ltr'>ideis</span> <span class='ocrx_word' id='word_1_138' title='bbox 1364 716 1435 743; x_wconf 85' lang='lat' dir='ltr'>eas,</span> <span class='ocrx_word' id='word_1_139' title='bbox 1459 718 1528 748; x_wconf 81' lang='lat' dir='ltr'>quas</span> <span class='ocrx_word' id='word_1_140' title='bbox 1551 711 1647 740; x_wconf 88' lang='lat' dir='ltr'>conti·</span> 
     </span>
     <span class='ocr_line' id='line_1_14' title="bbox 123 743 1646 799; baseline 0.017 -34"><span class='ocrx_word' id='word_1_141' title='bbox 123 745 193 766; x_wconf 87' lang='lat' dir='ltr'>nent</span> <span class='ocrx_word' id='word_1_142' title='bbox 217 747 284 775; x_wconf 75' lang='lat' dir='ltr'>res,</span> <span class='ocrx_word' id='word_1_143' title='bbox 304 749 371 769; x_wconf 89' lang='lat' dir='ltr'>vere</span> <span class='ocrx_word' id='word_1_144' title='bbox 399 743 519 772; x_wconf 80' lang='lat' dir='ltr'>subesse</span> <span class='ocrx_word' id='word_1_145' title='bbox 547 745 644 781; x_wconf 87' lang='lat' dir='ltr'>(sunt</span> <span class='ocrx_word' id='word_1_146' title='bbox 668 747 875 786; x_wconf 66' lang='lat' dir='ltr'>subjectivae).</span> <span class='ocrx_word' id='word_1_147' title='bbox 914 752 1151 789; x_wconf 67' lang='lat' dir='ltr'>‚Haudquaquam</span> <span class='ocrx_word' id='word_1_148' title='bbox 1180 764 1338 793; x_wconf 75' lang='lat' dir='ltr'>negamus,</span> <span class='ocrx_word' id='word_1_149' title='bbox 1369 767 1422 787; x_wconf 88' lang='lat' dir='ltr'>nec</span> <span class='ocrx_word' id='word_1_150' title='bbox 1451 762 1528 789; x_wconf 83' lang='lat' dir='ltr'>ullus</span> <span class='ocrx_word' id='word_1_151' title='bbox 1561 771 1646 799; x_wconf 74' lang='lat' dir='ltr'>nega-</span> 
     </span>
     <span class='ocr_line' id='line_1_15' title="bbox 123 784 1644 851; baseline 0.017 -35"><span class='ocrx_word' id='word_1_152' title='bbox 123 789 167 817; x_wconf 91' lang='lat' dir='ltr'>bit</span> <span class='ocrx_word' id='word_1_153' title='bbox 188 784 383 828; x_wconf 84' lang='lat' dir='ltr'>philosophus</span> <span class='ocrx_word' id='word_1_154' title='bbox 407 803 563 831; x_wconf 88' lang='lat' dir='ltr'>umquam:</span> <span class='ocrx_word' id='word_1_155' title='bbox 594 798 623 827; x_wconf 91' lang='lat' dir='ltr'>in</span> <span class='ocrx_word' id='word_1_156' title='bbox 648 808 681 827; x_wconf 89' lang='lat' dir='ltr'>eo</span> <span class='ocrx_word' id='word_1_157' title='bbox 708 800 801 837; x_wconf 41' lang='lat' dir='ltr'>vobis,</span> <span class='ocrx_word' id='word_1_158' title='bbox 821 810 880 830; x_wconf 91' lang='lat' dir='ltr'>non</span> <span class='ocrx_word' id='word_1_159' title='bbox 905 805 1096 840; x_wconf 84' lang='lat' dir='ltr'>assentimur,</span> <span class='ocrx_word' id='word_1_160' title='bbox 1126 807 1206 841; x_wconf 76' lang='lat' dir='ltr'>quod</span> <span class='ocrx_word' id='word_1_161' title='bbox 1243 808 1293 836; x_wconf 74' lang='lat' dir='ltr'>has</span> <span class='ocrx_word' id='word_1_162' title='bbox 1326 809 1403 838; x_wconf 79' lang='lat' dir='ltr'>ideas</span> <span class='ocrx_word' id='word_1_163' title='bbox 1432 820 1554 851; x_wconf 82' lang='lat' dir='ltr'>prorsus</span> <span class='ocrx_word' id='word_1_164' title='bbox 1582 822 1644 842; x_wconf 78' lang='lat' dir='ltr'>esse</span> 
     </span>
     <span class='ocr_line' id='line_1_16' title="bbox 122 839 1642 895; baseline 0.017 -27"><span class='ocrx_word' id='word_1_165' title='bbox 122 839 239 876; x_wconf 85' lang='lat' dir='ltr'>inanes,</span> <span class='ocrx_word' id='word_1_166' title='bbox 261 849 387 880; x_wconf 86' lang='lat' dir='ltr'>temere,</span> <span class='ocrx_word' id='word_1_167' title='bbox 410 852 551 883; x_wconf 85' lang='lat' dir='ltr'>tamqnam</span> <span class='ocrx_word' id='word_1_168' title='bbox 578 858 592 877; x_wconf 91' lang='lat' dir='ltr'>e</span> <span class='ocrx_word' id='word_1_169' title='bbox 616 850 731 886; x_wconf 82' lang='lat' dir='ltr'>tripode</span> <span class='ocrx_word' id='word_1_170' title='bbox 755 853 922 890; x_wconf 80' lang='lat' dir='ltr'>Delphico,</span> <span class='ocrx_word' id='word_1_171' title='bbox 952 859 1166 894; x_wconf 78' lang='lat' dir='ltr'>pronuntietis,</span> <span class='ocrx_word' id='word_1_172' title='bbox 1199 865 1226 888; x_wconf 88' lang='lat' dir='ltr'>et</span> <span class='ocrx_word' id='word_1_173' title='bbox 1251 869 1334 895; x_wconf 86' lang='lat' dir='ltr'>quam</span> <span class='ocrx_word' id='word_1_174' title='bbox 1362 855 1473 892; x_wconf 81' lang='lat' dir='ltr'>ratione</span> <span class='ocrx_word' id='word_1_175' title='bbox 1504 865 1642 895; x_wconf 83' lang='lat' dir='ltr'>habemus</span> 
     </span>
     <span class='ocr_line' id='line_1_17' title="bbox 123 893 1642 955; baseline 0.017 -35"><span class='ocrx_word' id='word_1_176' title='bbox 123 893 318 929; x_wconf 85' lang='lat' dir='ltr'>cognitionem</span> <span class='ocrx_word' id='word_1_177' title='bbox 339 896 484 935; x_wconf 82' lang='lat' dir='ltr'>idearum,</span> <span class='ocrx_word' id='word_1_178' title='bbox 512 906 567 929; x_wconf 89' lang='lat' dir='ltr'>tam</span> <span class='ocrx_word' id='word_1_179' title='bbox 594 903 679 939; x_wconf 78' lang='lat' dir='ltr'>longe</span> <span class='ocrx_word' id='word_1_180' title='bbox 701 904 890 945; x_wconf 79' lang='lat' dir='ltr'>experientiae</span> <span class='ocrx_word' id='word_1_181' title='bbox 912 909 1096 944; x_wconf 67' lang='lat' dir='ltr'>postponatis</span> <span class='ocrx_word' id='word_1_182' title='bbox 1126 911 1211 947; x_wconf 53' lang='grc' dir='ltr'>(ἢ).</span> <span class='ocrx_word' id='word_1_183' title='bbox 1260 912 1369 942; x_wconf 86' lang='lat' dir='ltr'>Nonne</span> <span class='ocrx_word' id='word_1_184' title='bbox 1398 916 1491 955; x_wconf 79' lang='lat' dir='ltr'>omnis</span> <span class='ocrx_word' id='word_1_185' title='bbox 1520 917 1642 946; x_wconf 80' lang='lat' dir='ltr'>humana</span> 
     </span>
     <span class='ocr_line' id='line_1_18' title="bbox 120 945 1642 1004; baseline 0.017 -33"><span class='ocrx_word' id='word_1_186' title='bbox 120 945 248 986; x_wconf 79' lang='lat' dir='ltr'>cognitio</span> <span class='ocrx_word' id='word_1_187' title='bbox 260 966 270 982; x_wconf 91' lang='lat'>,</span> <span class='ocrx_word' id='word_1_188' title='bbox 284 955 337 976; x_wconf 27' lang='lat' dir='ltr'>sest</span> <span class='ocrx_word' id='word_1_189' title='bbox 358 949 488 979; x_wconf 84' lang='lat' dir='ltr'>visorum</span> <span class='ocrx_word' id='word_1_190' title='bbox 507 953 615 981; x_wconf 80' lang='lat' dir='ltr'>tantum</span> <span class='ocrx_word' id='word_1_191' title='bbox 640 956 787 991; x_wconf 84' lang='lat' dir='ltr'>cognitio,</span> <span class='ocrx_word' id='word_1_192' title='bbox 809 957 862 985; x_wconf 76' lang='lat' dir='ltr'>vel‘</span> <span class='ocrx_word' id='word_1_193' title='bbox 876 965 907 986; x_wconf 87' lang='lat' dir='ltr'>ut</span> <span class='ocrx_word' id='word_1_194' title='bbox 925 959 1007 994; x_wconf 89' lang='lat' dir='ltr'>loqui</span> <span class='ocrx_word' id='word_1_195' title='bbox 1025 960 1146 995; x_wconf 78' lang='lat' dir='ltr'>soletis,</span> <span class='ocrx_word' id='word_1_196' title='bbox 1170 956 1346 1003; x_wconf 43' lang='lat' dir='ltr'>subiectum?</span> <span class='ocrx_word' id='word_1_197' title='bbox 1388 960 1468 994; x_wconf 85' lang='lat' dir='ltr'>Num</span> <span class='ocrx_word' id='word_1_198' title='bbox 1490 968 1619 1004; x_wconf 83' lang='lat' dir='ltr'>cognitio</span> <span class='ocrx_word' id='word_1_199' title='bbox 1631 990 1642 1004; x_wconf 95' lang='lat'>,</span> 
     </span>
     <span class='ocr_line' id='line_1_19' title="bbox 121 987 1641 1053; baseline 0.018 -31"><span class='ocrx_word' id='word_1_200' title='bbox 121 987 205 1034; x_wconf 60' lang='lat' dir='ltr'>{luam</span> <span class='ocrx_word' id='word_1_201' title='bbox 224 997 360 1028; x_wconf 84' lang='lat' dir='ltr'>habemus</span> <span class='ocrx_word' id='word_1_202' title='bbox 379 1002 572 1038; x_wconf 65' lang='lat' dir='ltr'>experientia,</span> <span class='ocrx_word' id='word_1_203' title='bbox 594 1012 637 1033; x_wconf 89' lang='lat' dir='ltr'>est</span> <span class='ocrx_word' id='word_1_204' title='bbox 653 1005 727 1034; x_wconf 75' lang='lat' dir='ltr'>alia?</span> <span class='ocrx_word' id='word_1_205' title='bbox 748 1007 862 1036; x_wconf 86' lang='lat' dir='ltr'>aliudne</span> <span class='ocrx_word' id='word_1_206' title='bbox 880 1009 950 1044; x_wconf 83' lang='lat' dir='ltr'>quid</span> <span class='ocrx_word' id='word_1_207' title='bbox 964 1010 1092 1039; x_wconf 77' lang='lat' dir='ltr'>videmus·</span> <span class='ocrx_word' id='word_1_208' title='bbox 1112 1004 1224 1047; x_wconf 66' lang='lat' dir='ltr'>praeter</span> <span class='ocrx_word' id='word_1_209' title='bbox 1250 1008 1422 1053; x_wconf 57' lang='lat' dir='ltr'>visa&#39;?]quis</span> <span class='ocrx_word' id='word_1_210' title='bbox 1441 1018 1514 1047; x_wconf 79' lang='lat' dir='ltr'>vidit</span> <span class='ocrx_word' id='word_1_211' title='bbox 1532 1028 1576 1048; x_wconf 84' lang='lat' dir='ltr'>res</span> <span class='ocrx_word' id='word_1_212' title='bbox 1592 1029 1641 1049; x_wconf 78' lang='lat' dir='ltr'>ex-</span> 
     </span>
     <span class='ocr_line' id='line_1_20' title="bbox 120 1045 1637 1108; baseline 0.017 -34"><span class='ocrx_word' id='word_1_213' title='bbox 120 1048 239 1079; x_wconf 75' lang='lat' dir='ltr'>ternas?</span> <span class='ocrx_word' id='word_1_214' title='bbox 262 1058 348 1084; x_wconf 91' lang='lat' dir='ltr'>quare</span> <span class='ocrx_word' id='word_1_215' title='bbox 368 1051 490 1081; x_wconf 87' lang='lat' dir='ltr'>dicimus</span> <span class='ocrx_word' id='word_1_216' title='bbox 513 1062 576 1082; x_wconf 87' lang='lat' dir='ltr'>esse</span> <span class='ocrx_word' id='word_1_217' title='bbox 596 1045 641 1083; x_wconf 82' lang='lat' dir='ltr'>res</span> <span class='ocrx_word' id='word_1_218' title='bbox 658 1058 813 1086; x_wconf 81' lang='lat' dir='ltr'>externas?</span> <span class='ocrx_word' id='word_1_219' title='bbox 835 1067 932 1087; x_wconf 89' lang='lat' dir='ltr'>nonne</span> <span class='ocrx_word' id='word_1_220' title='bbox 956 1060 1048 1089; x_wconf 84' lang='lat' dir='ltr'>dicere</span> <span class='ocrx_word' id='word_1_221' title='bbox 1071 1063 1215 1099; x_wconf 82' lang='lat' dir='ltr'>praecipit</span> <span class='ocrx_word' id='word_1_222' title='bbox 1239 1066 1310 1094; x_wconf 80' lang='lat' dir='ltr'>ratio</span> <span class='ocrx_word' id='word_1_223' title='bbox 1323 1062 1387 1096; x_wconf 42' lang='lat' dir='ltr'>‘evat&#39;</span> <span class='ocrx_word' id='word_1_224' title='bbox 1410 1069 1475 1104; x_wconf 87' lang='lat' dir='ltr'>quis</span> <span class='ocrx_word' id='word_1_225' title='bbox 1493 1079 1637 1108; x_wconf 81' lang='lat' dir='ltr'>praestet,</span> 
     </span>
     <span class='ocr_line' id='line_1_21' title="bbox 118 1097 1640 1159; baseline 0.017 -34"><span class='ocrx_word' id='word_1_226' title='bbox 118 1097 259 1143; x_wconf 19' lang='lat' dir='ltr'>rationem&gt;</span> <span class='ocrx_word' id='word_1_227' title='bbox 278 1100 381 1130; x_wconf 88' lang='lat' dir='ltr'>ducere</span> <span class='ocrx_word' id='word_1_228' title='bbox 402 1103 437 1131; x_wconf 90' lang='lat' dir='ltr'>ad</span> <span class='ocrx_word' id='word_1_229' title='bbox 459 1104 605 1134; x_wconf 86' lang='lat' dir='ltr'>veritatem</span> <span class='ocrx_word' id='word_1_230' title='bbox 619 1106 633 1135; x_wconf 68' lang='lat'>2</span> <span class='ocrx_word' id='word_1_231' title='bbox 655 1116 751 1136; x_wconf 89' lang='lat' dir='ltr'>nonne</span> <span class='ocrx_word' id='word_1_232' title='bbox 775 1109 838 1137; x_wconf 89' lang='lat' dir='ltr'>ideo</span> <span class='ocrx_word' id='word_1_233' title='bbox 864 1110 986 1141; x_wconf 83' lang='lat' dir='ltr'>dicimus</span> <span class='ocrx_word' id='word_1_234' title='bbox 1009 1122 1071 1141; x_wconf 89' lang='lat' dir='ltr'>esse</span> <span class='ocrx_word' id='word_1_235' title='bbox 1097 1123 1141 1142; x_wconf 79' lang='lat' dir='ltr'>res</span> <span class='ocrx_word' id='word_1_236' title='bbox 1171 1123 1322 1153; x_wconf 82' lang='lat' dir='ltr'>externas,</span> <span class='ocrx_word' id='word_1_237' title='bbox 1357 1119 1422 1156; x_wconf 82' lang='lat' dir='ltr'>quia</span> <span class='ocrx_word' id='word_1_238' title='bbox 1448 1121 1529 1149; x_wconf 83' lang='lat' dir='ltr'>aliter</span> <span class='ocrx_word' id='word_1_239' title='bbox 1560 1123 1640 1159; x_wconf 78' lang='lat' dir='ltr'>cogi-</span> 
     </span>
    </p>
   </div>
   <div class='ocr_carea' id='block_1_4' title="bbox 117 1153 1637 1232">
    <p class='ocr_par' dir='ltr' id='par_1_4' title="bbox 117 1153 1637 1232">
     <span class='ocr_line' id='line_1_22' title="bbox 117 1153 1637 1209; baseline 0.018 -33"><span class='ocrx_word' id='word_1_240' title='bbox 117 1153 179 1192; x_wconf 67' lang='lat' dir='ltr'>tare.</span> <span class='ocrx_word' id='word_1_241' title='bbox 203 1158 263 1178; x_wconf 90' lang='lat' dir='ltr'>non</span> <span class='ocrx_word' id='word_1_242' title='bbox 290 1155 471 1195; x_wconf 75' lang='lat' dir='ltr'>possumus?</span> <span class='ocrx_word' id='word_1_243' title='bbox 515 1156 589 1184; x_wconf 87' lang='lat' dir='ltr'>Rem</span> <span class='ocrx_word' id='word_1_244' title='bbox 617 1158 712 1195; x_wconf 88' lang='lat' dir='ltr'>tetigit</span> <span class='ocrx_word' id='word_1_245' title='bbox 739 1159 886 1196; x_wconf 81' lang='lat' dir='ltr'>Borgerus</span> <span class='ocrx_word' id='word_1_246' title='bbox 914 1171 1065 1201; x_wconf 81' lang='lat' dir='ltr'>summus,</span> <span class='ocrx_word' id='word_1_247' title='bbox 1096 1165 1127 1194; x_wconf 90' lang='lat' dir='ltr'>in</span> <span class='ocrx_word' id='word_1_248' title='bbox 1158 1175 1242 1202; x_wconf 87' lang='lat' dir='ltr'>quem</span> <span class='ocrx_word' id='word_1_249' title='bbox 1263 1168 1309 1207; x_wconf 81' lang='lat' dir='ltr'>hic</span> <span class='ocrx_word' id='word_1_250' title='bbox 1333 1170 1452 1205; x_wconf 83' lang='lat' dir='ltr'>quadrat</span> <span class='ocrx_word' id='word_1_251' title='bbox 1471 1172 1637 1209; x_wconf 81' lang='lat' dir='ltr'>ingeniosus</span> 
     </span>
     <span class='ocr_line' id='line_1_23' title="bbox 117 1198 1358 1232; baseline 0.021 -5"><span class='ocrx_word' id='word_1_252' title='bbox 117 1198 246 1229; x_wconf 86' lang='lat' dir='ltr'>Ausonii</span> <span class='ocrx_word' id='word_1_253' title='bbox 266 1210 384 1232; x_wconf 86' lang='lat' dir='ltr'>versus:</span> <span class='ocrx_word' id='word_1_254' title='bbox 991 1218 996 1221; x_wconf 83' lang='lat'>&#39;</span> <span class='ocrx_word' id='word_1_255' title='bbox 1199 1223 1202 1226; x_wconf 63' lang='lat'><strong>⁴</strong></span> <span class='ocrx_word' id='word_1_256' title='bbox 1354 1229 1358 1231; x_wconf 87' lang='grc'><em>·</em></span> 
     </span>
    </p>
   </div>
   <div class='ocr_carea' id='block_1_5' title="bbox 466 1285 1117 1331">
    <p class='ocr_par' dir='ltr' id='par_1_5' title="bbox 466 1285 1117 1331">
     <span class='ocr_line' id='line_1_24' title="bbox 466 1285 1117 1331; baseline 0.018 -18"><span class='ocrx_word' id='word_1_257' title='bbox 466 1285 566 1315; x_wconf 86' lang='lat' dir='ltr'>Indole</span> <span class='ocrx_word' id='word_1_258' title='bbox 587 1294 735 1326; x_wconf 84' lang='lat' dir='ltr'>maturus,</span> <span class='ocrx_word' id='word_1_259' title='bbox 756 1290 857 1321; x_wconf 88' lang='lat' dir='ltr'>funere</span> <span class='ocrx_word' id='word_1_260' title='bbox 877 1294 1017 1331; x_wconf 80' lang='lat' dir='ltr'>acerbus,</span> <span class='ocrx_word' id='word_1_261' title='bbox 1041 1296 1117 1326; x_wconf 71' lang='lat' dir='ltr'>obiS·</span> 
     </span>
    </p>
   </div>
   <div class='ocr_carea' id='block_1_6' title="bbox 112 1353 1635 1709">
    <p class='ocr_par' dir='ltr' id='par_1_6' title="bbox 112 1353 1635 1709">
     <span class='ocr_line' id='line_1_25' title="bbox 116 1353 1633 1418; baseline 0.019 -37"><span class='ocrx_word' id='word_1_262' title='bbox 116 1353 171 1382; x_wconf 85' lang='lat' dir='ltr'>Ille</span> <span class='ocrx_word' id='word_1_263' title='bbox 191 1354 301 1391; x_wconf 82' lang='lat' dir='ltr'>igitur:</span> <span class='ocrx_word' id='word_1_264' title='bbox 343 1379 361 1395; x_wconf 83' lang='lat'>‚,</span> <span class='ocrx_word' id='word_1_265' title='bbox 382 1360 474 1397; x_wconf 87' lang='lat' dir='ltr'>Atqui</span> <span class='ocrx_word' id='word_1_266' title='bbox 495 1363 551 1391; x_wconf 89' lang='lat' dir='ltr'>hoc</span> <span class='ocrx_word' id='word_1_267' title='bbox 572 1364 690 1401; x_wconf 88' lang='lat' dir='ltr'>ipsum”</span> <span class='ocrx_word' id='word_1_268' title='bbox 719 1357 815 1405; x_wconf 86' lang='lat' dir='ltr'>inquit</span> <span class='ocrx_word' id='word_1_269' title='bbox 857 1371 927 1406; x_wconf 89' lang='lat' dir='ltr'>„in</span> <span class='ocrx_word' id='word_1_270' title='bbox 948 1372 1156 1410; x_wconf 82' lang='lat' dir='ltr'>disceptatione</span> <span class='ocrx_word' id='word_1_271' title='bbox 1185 1382 1336 1412; x_wconf 76' lang='lat' dir='ltr'>versatur,</span> <span class='ocrx_word' id='word_1_272' title='bbox 1366 1376 1487 1408; x_wconf 82' lang='lat' dir='ltr'>liceatne</span> <span class='ocrx_word' id='word_1_273' title='bbox 1515 1381 1549 1409; x_wconf 89' lang='lat' dir='ltr'>ab</span> <span class='ocrx_word' id='word_1_274' title='bbox 1578 1390 1633 1418; x_wconf 87' lang='lat' dir='ltr'>co,</span> 
     </span>
     <span class='ocr_line' id='line_1_26' title="bbox 117 1405 1635 1470; baseline 0.02 -39"><span class='ocrx_word' id='word_1_275' title='bbox 117 1405 196 1439; x_wconf 86' lang='lat' dir='ltr'>quod</span> <span class='ocrx_word' id='word_1_276' title='bbox 222 1415 276 1435; x_wconf 90' lang='lat' dir='ltr'>nos</span> <span class='ocrx_word' id='word_1_277' title='bbox 305 1411 480 1449; x_wconf 81' lang='lat' dir='ltr'>sentiamus,</span> <span class='ocrx_word' id='word_1_278' title='bbox 510 1424 709 1452; x_wconf 82' lang='lat' dir='ltr'>argumentum</span> <span class='ocrx_word' id='word_1_279' title='bbox 738 1421 864 1459; x_wconf 81' lang='lat' dir='ltr'>ducere,</span> <span class='ocrx_word' id='word_1_280' title='bbox 893 1433 938 1452; x_wconf 91' lang='lat' dir='ltr'>res</span> <span class='ocrx_word' id='word_1_281' title='bbox 968 1432 1047 1454; x_wconf 82' lang='lat' dir='ltr'>extra</span> <span class='ocrx_word' id='word_1_282' title='bbox 1078 1435 1132 1455; x_wconf 89' lang='lat' dir='ltr'>nos</span> <span class='ocrx_word' id='word_1_283' title='bbox 1162 1428 1276 1463; x_wconf 84' lang='lat' dir='ltr'>positae</span> <span class='ocrx_word' id='word_1_284' title='bbox 1305 1437 1365 1458; x_wconf 90' lang='lat' dir='ltr'>non</span> <span class='ocrx_word' id='word_1_285' title='bbox 1397 1438 1506 1460; x_wconf 84' lang='lat' dir='ltr'>tantum</span> <span class='ocrx_word' id='word_1_286' title='bbox 1538 1434 1635 1470; x_wconf 66' lang='lat' dir='ltr'>quales</span> 
     </span>
     <span class='ocr_line' id='line_1_27' title="bbox 115 1455 1634 1520; baseline 0.02 -39"><span class='ocrx_word' id='word_1_287' title='bbox 115 1455 192 1484; x_wconf 77' lang='lat' dir='ltr'>sint:</span> <span class='ocrx_word' id='word_1_288' title='bbox 220 1456 250 1485; x_wconf 83' lang='lat' dir='ltr'>in</span> <span class='ocrx_word' id='word_1_289' title='bbox 279 1467 337 1492; x_wconf 89' lang='lat' dir='ltr'>quo</span> <span class='ocrx_word' id='word_1_290' title='bbox 366 1461 488 1492; x_wconf 87' lang='lat' dir='ltr'>Kantius</span> <span class='ocrx_word' id='word_1_291' title='bbox 510 1466 652 1502; x_wconf 81' lang='lat' dir='ltr'>Scepticis</span> <span class='ocrx_word' id='word_1_292' title='bbox 672 1472 844 1502; x_wconf 83' lang='lat' dir='ltr'>assentitur:</span> <span class='ocrx_word' id='word_1_293' title='bbox 876 1483 977 1503; x_wconf 89' lang='lat' dir='ltr'>verum</span> <span class='ocrx_word' id='word_1_294' title='bbox 999 1476 1081 1504; x_wconf 81' lang='lat' dir='ltr'>etiam</span> <span class='ocrx_word' id='word_1_295' title='bbox 1103 1486 1141 1505; x_wconf 79' lang='lat' dir='ltr'>an</span> <span class='ocrx_word' id='word_1_296' title='bbox 1161 1479 1219 1506; x_wconf 79' lang='lat' dir='ltr'>sint</span> <span class='ocrx_word' id='word_1_297' title='bbox 1239 1481 1374 1509; x_wconf 66' lang='lat' dir='ltr'>ommno?</span> <span class='ocrx_word' id='word_1_298' title='bbox 1396 1484 1475 1517; x_wconf 90' lang='lat' dir='ltr'>quod</span> <span class='ocrx_word' id='word_1_299' title='bbox 1494 1492 1559 1511; x_wconf 90' lang='lat' dir='ltr'>cum</span> <span class='ocrx_word' id='word_1_300' title='bbox 1581 1493 1634 1520; x_wconf 86' lang='lat' dir='ltr'>per</span> 
     </span>
     <span class='ocr_line' id='line_1_28' title="bbox 116 1507 1633 1571; baseline 0.022 -39"><span class='ocrx_word' id='word_1_301' title='bbox 116 1513 148 1533; x_wconf 88' lang='lat' dir='ltr'>se</span> <span class='ocrx_word' id='word_1_302' title='bbox 167 1507 283 1542; x_wconf 86' lang='lat' dir='ltr'>probari</span> <span class='ocrx_word' id='word_1_303' title='bbox 311 1519 372 1540; x_wconf 92' lang='lat' dir='ltr'>non</span> <span class='ocrx_word' id='word_1_304' title='bbox 398 1521 516 1552; x_wconf 77' lang='lat' dir='ltr'>potest,</span> <span class='ocrx_word' id='word_1_305' title='bbox 539 1523 600 1546; x_wconf 89' lang='lat' dir='ltr'>tum</span> <span class='ocrx_word' id='word_1_306' title='bbox 627 1528 738 1557; x_wconf 82' lang='lat' dir='ltr'>pugnat</span> <span class='ocrx_word' id='word_1_307' title='bbox 761 1523 844 1552; x_wconf 85' lang='lat' dir='ltr'>etiam</span> <span class='ocrx_word' id='word_1_308' title='bbox 877 1532 943 1553; x_wconf 86' lang='lat' dir='ltr'>cum</span> <span class='ocrx_word' id='word_1_309' title='bbox 968 1526 1069 1555; x_wconf 68' lang='lat' dir='ltr'>critica</span> <span class='ocrx_word' id='word_1_310' title='bbox 1096 1529 1250 1560; x_wconf 64' lang='lat' dir='ltr'>Kantianfi.</span> <span class='ocrx_word' id='word_1_311' title='bbox 1302 1531 1369 1562; x_wconf 64' lang='lat' dir='ltr'>Res*</span> <span class='ocrx_word' id='word_1_312' title='bbox 1399 1535 1496 1570; x_wconf 82' lang='lat' dir='ltr'>enim,</span> <span class='ocrx_word' id='word_1_313' title='bbox 1528 1536 1633 1571; x_wconf 86' lang='lat' dir='ltr'>quibus</span> 
     </span>
     <span class='ocr_line' id='line_1_29' title="bbox 115 1557 1635 1621; baseline 0.02 -36"><span class='ocrx_word' id='word_1_314' title='bbox 115 1557 274 1596; x_wconf 79' lang='lat' dir='ltr'>afficimur,</span> <span class='ocrx_word' id='word_1_315' title='bbox 299 1569 326 1591; x_wconf 92' lang='lat' dir='ltr'>et</span> <span class='ocrx_word' id='word_1_316' title='bbox 353 1567 473 1594; x_wconf 74' lang='lat' dir='ltr'>existere</span> <span class='ocrx_word' id='word_1_317' title='bbox 493 1576 667 1607; x_wconf 89' lang='lat' dir='ltr'>sumuntur,</span> <span class='ocrx_word' id='word_1_318' title='bbox 691 1571 719 1602; x_wconf 79' lang='lat' dir='ltr'>et</span> <span class='ocrx_word' id='word_1_319' title='bbox 737 1583 840 1603; x_wconf 75' lang='lat' dir='ltr'>causae</span> <span class='ocrx_word' id='word_1_320' title='bbox 865 1584 919 1604; x_wconf 78' lang='lat' dir='ltr'>esse</span> <span class='ocrx_word' id='word_1_321' title='bbox 946 1577 1119 1608; x_wconf 78' lang='lat' dir='ltr'>affectionis.</span> <span class='ocrx_word' id='word_1_322' title='bbox 1167 1582 1259 1617; x_wconf 86' lang='lat' dir='ltr'>Atqui</span> <span class='ocrx_word' id='word_1_323' title='bbox 1285 1584 1355 1612; x_wconf 86' lang='lat' dir='ltr'>haec</span> <span class='ocrx_word' id='word_1_324' title='bbox 1384 1584 1470 1621; x_wconf 84' lang='lat' dir='ltr'>ipsa,</span> <span class='ocrx_word' id='word_1_325' title='bbox 1501 1589 1635 1616; x_wconf 67' lang='lat' dir='ltr'>exsistere</span> 
     </span>
     <span class='ocr_line' id='line_1_30' title="bbox 113 1615 1633 1672; baseline 0.022 -37"><span class='ocrx_word' id='word_1_326' title='bbox 113 1615 139 1636; x_wconf 83' lang='lat' dir='ltr'>et</span> <span class='ocrx_word' id='word_1_327' title='bbox 156 1618 271 1639; x_wconf 80' lang='lat' dir='ltr'>causam</span> <span class='ocrx_word' id='word_1_328' title='bbox 293 1623 367 1651; x_wconf 78' lang='lat' dir='ltr'>esse,</span> <span class='ocrx_word' id='word_1_329' title='bbox 389 1615 423 1644; x_wconf 86' lang='lat' dir='ltr'>ab</span> <span class='ocrx_word' id='word_1_330' title='bbox 445 1616 510 1653; x_wconf 89' lang='lat' dir='ltr'>ipso</span> <span class='ocrx_word' id='word_1_331' title='bbox 539 1620 646 1650; x_wconf 87' lang='lat' dir='ltr'>Kantio</span> <span class='ocrx_word' id='word_1_332' title='bbox 667 1624 702 1652; x_wconf 89' lang='lat' dir='ltr'>ad</span> <span class='ocrx_word' id='word_1_333' title='bbox 722 1625 879 1662; x_wconf 78' lang='lat' dir='ltr'>categorias</span> <span class='ocrx_word' id='word_1_334' title='bbox 909 1627 1094 1666; x_wconf 82' lang='lat' dir='ltr'>referuntur,</span> <span class='ocrx_word' id='word_1_335' title='bbox 1118 1638 1146 1660; x_wconf 92' lang='lat' dir='ltr'>et</span> <span class='ocrx_word' id='word_1_336' title='bbox 1174 1633 1318 1670; x_wconf 88' lang='lat' dir='ltr'>cogitandi</span> <span class='ocrx_word' id='word_1_337' title='bbox 1339 1634 1470 1672; x_wconf 81' lang='lat' dir='ltr'>formae,</span> <span class='ocrx_word' id='word_1_338' title='bbox 1500 1646 1560 1667; x_wconf 85' lang='lat' dir='ltr'>non</span> <span class='ocrx_word' id='word_1_339' title='bbox 1588 1648 1633 1667; x_wconf 83' lang='lat' dir='ltr'>re-</span> 
     </span>
     <span class='ocr_line' id='line_1_31' title="bbox 112 1663 638 1709; baseline 0.03 -22"><span class='ocrx_word' id='word_1_340' title='bbox 112 1667 174 1688; x_wconf 87' lang='lat' dir='ltr'>rum</span> <span class='ocrx_word' id='word_1_341' title='bbox 199 1663 370 1701; x_wconf 87' lang='lat' dir='ltr'>qualitates,</span> <span class='ocrx_word' id='word_1_342' title='bbox 393 1667 534 1699; x_wconf 87' lang='lat' dir='ltr'>habentur</span> <span class='ocrx_word' id='word_1_343' title='bbox 554 1673 570 1709; x_wconf 89' lang='lat'>(</span> <span class='ocrx_word' id='word_1_344' title='bbox 581 1674 638 1709; x_wconf 79' lang='lat'>3).</span> 
     </span>
    </p>
   </div>
   <div class='ocr_carea' id='block_1_7' title="bbox 149 1710 1632 1821">
    <p class='ocr_par' dir='ltr' id='par_1_7' title="bbox 149 1710 1632 1821">
     <span class='ocr_line' id='line_1_32' title="bbox 149 1710 1631 1771; baseline 0.022 -33"><span class='ocrx_word' id='word_1_345' title='bbox 149 1710 191 1740; x_wconf 91' lang='lat' dir='ltr'>At</span> <span class='ocrx_word' id='word_1_346' title='bbox 212 1712 284 1742; x_wconf 88' lang='lat' dir='ltr'>enim</span> <span class='ocrx_word' id='word_1_347' title='bbox 304 1715 367 1745; x_wconf 91' lang='lat' dir='ltr'>visa</span> <span class='ocrx_word' id='word_1_348' title='bbox 386 1717 548 1755; x_wconf 85' lang='lat' dir='ltr'>inprimunt</span> <span class='ocrx_word' id='word_1_349' title='bbox 573 1732 618 1752; x_wconf 87' lang='lat' dir='ltr'>res</span> <span class='ocrx_word' id='word_1_350' title='bbox 647 1733 798 1764; x_wconf 83' lang='lat' dir='ltr'>externae,</span> <span class='ocrx_word' id='word_1_351' title='bbox 827 1728 903 1758; x_wconf 85' lang='lat' dir='ltr'>ideas</span> <span class='ocrx_word' id='word_1_352' title='bbox 930 1739 991 1760; x_wconf 89' lang='lat' dir='ltr'>non</span> <span class='ocrx_word' id='word_1_353' title='bbox 1016 1732 1188 1769; x_wconf 87' lang='lat' dir='ltr'>imprimunt</span> <span class='ocrx_word' id='word_1_354' title='bbox 1215 1744 1282 1771; x_wconf 79' lang='lat' dir='ltr'>reS,</span> <span class='ocrx_word' id='word_1_355' title='bbox 1314 1745 1384 1771; x_wconf 81' lang='lat' dir='ltr'>quas</span> <span class='ocrx_word' id='word_1_356' title='bbox 1412 1746 1457 1767; x_wconf 84' lang='lat' dir='ltr'>eas</span> <span class='ocrx_word' id='word_1_357' title='bbox 1483 1741 1631 1771; x_wconf 80' lang='lat' dir='ltr'>continere</span> 
     </span>
     <span class='ocr_line' id='line_1_33' title="bbox 1590 1793 1632 1821; baseline -0.024 0"><span class='ocrx_word' id='word_1_358' title='bbox 1590 1793 1632 1821; x_wconf 87' lang='lat' dir='ltr'>di-</span> 
     </span>
    </p>
   </div>
   <div class='ocr_carea' id='block_1_8' title="bbox 109 1845 1632 2043">
    <p class='ocr_par' dir='ltr' id='par_1_8' title="bbox 109 1845 1632 1932">
     <span class='ocr_line' id='line_1_34' title="bbox 143 1845 1632 1904; baseline 0.017 -30"><span class='ocrx_word' id='word_1_359' title='bbox 143 1845 213 1882; x_wconf 84' lang='lat'>(1)</span> <span class='ocrx_word' id='word_1_360' title='bbox 237 1849 297 1877; x_wconf 86' lang='lat' dir='ltr'>Vid.</span> <span class='ocrx_word' id='word_1_361' title='bbox 321 1851 437 1881; x_wconf 83' lang='lat' dir='ltr'>Platner.</span> <span class='ocrx_word' id='word_1_362' title='bbox 465 1856 491 1889; x_wconf 86' lang='lat'>§.</span> <span class='ocrx_word' id='word_1_363' title='bbox 506 1863 555 1890; x_wconf 84' lang='lat'>703</span> <span class='ocrx_word' id='word_1_364' title='bbox 581 1866 606 1885; x_wconf 86' lang='lat' dir='ltr'>et</span> <span class='ocrx_word' id='word_1_365' title='bbox 628 1859 785 1894; x_wconf 78' lang='lat' dir='ltr'>Skeptische</span> <span class='ocrx_word' id='word_1_366' title='bbox 809 1863 911 1897; x_wconf 86' lang='lat' dir='ltr'>Fragen</span> <span class='ocrx_word' id='word_1_367' title='bbox 938 1865 963 1891; x_wconf 85' lang='lat' dir='ltr'>in</span> <span class='ocrx_word' id='word_1_368' title='bbox 983 1866 1143 1900; x_wconf 87' lang='lat' dir='ltr'>Beziehung</span> <span class='ocrx_word' id='word_1_369' title='bbox 1174 1868 1222 1894; x_wconf 82' lang='lat' dir='ltr'>auf</span> <span class='ocrx_word' id='word_1_370' title='bbox 1244 1868 1294 1894; x_wconf 88' lang='lat' dir='ltr'>den</span> <span class='ocrx_word' id='word_1_371' title='bbox 1323 1871 1426 1904; x_wconf 81' lang='lat' dir='ltr'>Begriff</span> <span class='ocrx_word' id='word_1_372' title='bbox 1449 1871 1494 1898; x_wconf 87' lang='lat' dir='ltr'>des</span> <span class='ocrx_word' id='word_1_373' title='bbox 1525 1874 1632 1900; x_wconf 75' lang='lat' dir='ltr'>Unend·</span> 
     </span>
     <span class='ocr_line' id='line_1_35' title="bbox 109 1893 418 1932; baseline 0.026 -14"><span class='ocrx_word' id='word_1_374' title='bbox 109 1893 195 1920; x_wconf 79' lang='lat' dir='ltr'>lichen</span> <span class='ocrx_word' id='word_1_375' title='bbox 207 1914 216 1928; x_wconf 86' lang='lat'>‚</span> <span class='ocrx_word' id='word_1_376' title='bbox 242 1904 270 1929; x_wconf 85' lang='lat' dir='ltr'>p.</span> <span class='ocrx_word' id='word_1_377' title='bbox 289 1897 339 1930; x_wconf 81' lang='lat'>640</span> <span class='ocrx_word' id='word_1_378' title='bbox 358 1907 418 1932; x_wconf 88' lang='lat' dir='ltr'>sqq.</span> 
     </span>
    </p>

    <p class='ocr_par' dir='ltr' id='par_1_9' title="bbox 110 1938 1627 2043">
     <span class='ocr_line' id='line_1_36' title="bbox 144 1938 1627 2001; baseline 0.02 -37"><span class='ocrx_word' id='word_1_379' title='bbox 144 1938 205 1974; x_wconf 90' lang='lat'>(2)</span> <span class='ocrx_word' id='word_1_380' title='bbox 232 1942 273 1967; x_wconf 86' lang='lat' dir='ltr'>Eo</span> <span class='ocrx_word' id='word_1_381' title='bbox 289 1951 372 1975; x_wconf 87' lang='lat' dir='ltr'>usque</span> <span class='ocrx_word' id='word_1_382' title='bbox 388 1954 545 1979; x_wconf 84' lang='lat' dir='ltr'>progressus</span> <span class='ocrx_word' id='word_1_383' title='bbox 561 1952 631 1985; x_wconf 87' lang='lat' dir='ltr'>fuit,</span> <span class='ocrx_word' id='word_1_384' title='bbox 649 1961 677 1980; x_wconf 84' lang='lat' dir='ltr'>ut</span> <span class='ocrx_word' id='word_1_385' title='bbox 691 1958 890 1992; x_wconf 79' lang='lat' dir='ltr'>cognitionem,</span> <span class='ocrx_word' id='word_1_386' title='bbox 908 1968 985 1993; x_wconf 85' lang='lat' dir='ltr'>qnam</span> <span class='ocrx_word' id='word_1_387' title='bbox 1003 1962 1130 1988; x_wconf 83' lang='lat' dir='ltr'>habemus</span> <span class='ocrx_word' id='word_1_388' title='bbox 1151 1965 1334 2000; x_wconf 77' lang='lat' dir='ltr'>experientia,</span> <span class='ocrx_word' id='word_1_389' title='bbox 1349 1967 1449 1994; x_wconf 85' lang='lat' dir='ltr'>dixerit</span> <span class='ocrx_word' id='word_1_390' title='bbox 1461 1970 1627 2001; x_wconf 71' lang='lat' dir='ltr'>obiectivam3</span> 
     </span>
     <span class='ocr_line' id='line_1_37' title="bbox 110 1988 1627 2043; baseline 0.021 -33"><span class='ocrx_word' id='word_1_391' title='bbox 110 1988 279 2019; x_wconf 79' lang='lat' dir='ltr'>quamobrem</span> <span class='ocrx_word' id='word_1_392' title='bbox 307 1996 389 2016; x_wconf 78' lang='lat' dir='ltr'>tamen</span> <span class='ocrx_word' id='word_1_393' title='bbox 414 1995 476 2019; x_wconf 83' lang='lat' dir='ltr'>satis</span> <span class='ocrx_word' id='word_1_394' title='bbox 500 1996 530 2021; x_wconf 87' lang='lat' dir='ltr'>ab</span> <span class='ocrx_word' id='word_1_395' title='bbox 556 1999 617 2025; x_wconf 84' lang='lat' dir='ltr'>aliis</span> <span class='ocrx_word' id='word_1_396' title='bbox 638 2000 691 2027; x_wconf 87' lang='lat' dir='ltr'>fuit</span> <span class='ocrx_word' id='word_1_397' title='bbox 717 2006 868 2038; x_wconf 81' lang='lat' dir='ltr'>castigatus.</span> <span class='ocrx_word' id='word_1_398' title='bbox 902 2007 964 2034; x_wconf 85' lang='lat' dir='ltr'>vid.</span> <span class='ocrx_word' id='word_1_399' title='bbox 987 2009 1015 2035; x_wconf 90' lang='lat' dir='ltr'>C.</span> <span class='ocrx_word' id='word_1_400' title='bbox 1033 2011 1061 2036; x_wconf 82' lang='lat' dir='ltr'>C.</span> <span class='ocrx_word' id='word_1_401' title='bbox 1079 2010 1112 2036; x_wconf 80' lang='lat' dir='ltr'>E.</span> <span class='ocrx_word' id='word_1_402' title='bbox 1131 2010 1257 2043; x_wconf 75' lang='lat' dir='ltr'>Schmid,</span> <span class='ocrx_word' id='word_1_403' title='bbox 1283 2014 1461 2041; x_wconf 81' lang='lat' dir='ltr'>Wo&#39;rterbuch</span> <span class='ocrx_word' id='word_1_404' title='bbox 1484 2024 1544 2042; x_wconf 88' lang='lat' dir='ltr'>zum</span> <span class='ocrx_word' id='word_1_405' title='bbox 1572 2016 1627 2041; x_wconf 82' lang='lat' dir='ltr'>Ge·</span> 
     </span>
    </p>
   </div>
   <div class='ocr_carea' id='block_1_9' title="bbox 109 2032 1442 2130">
    <p class='ocr_par' dir='ltr' id='par_1_10' title="bbox 109 2032 1442 2130">
     <span class='ocr_line' id='line_1_38' title="bbox 109 2032 1442 2092; baseline 0.022 -35"><span class='ocrx_word' id='word_1_406' title='bbox 109 2032 207 2060; x_wconf 85' lang='lat' dir='ltr'>brauch</span> <span class='ocrx_word' id='word_1_407' title='bbox 227 2033 271 2061; x_wconf 85' lang='lat' dir='ltr'>der</span> <span class='ocrx_word' id='word_1_408' title='bbox 290 2037 367 2064; x_wconf 85' lang='lat' dir='ltr'>Kant.</span> <span class='ocrx_word' id='word_1_409' title='bbox 387 2039 539 2072; x_wconf 83' lang='lat' dir='ltr'>Schriften,</span> <span class='ocrx_word' id='word_1_410' title='bbox 557 2046 636 2073; x_wconf 86' lang='lat' dir='ltr'>artic.</span> <span class='ocrx_word' id='word_1_411' title='bbox 657 2050 785 2082; x_wconf 75' lang='lat' dir='ltr'>Objektiv.</span> <span class='ocrx_word' id='word_1_412' title='bbox 804 2059 830 2078; x_wconf 84' lang='lat' dir='ltr'>et</span> <span class='ocrx_word' id='word_1_413' title='bbox 847 2053 993 2081; x_wconf 78' lang='lat' dir='ltr'>Platnerem</span> <span class='ocrx_word' id='word_1_414' title='bbox 1022 2057 1047 2088; x_wconf 87' lang='lat'>§.</span> <span class='ocrx_word' id='word_1_415' title='bbox 1063 2057 1114 2090; x_wconf 89' lang='lat'>699</span> <span class='ocrx_word' id='word_1_416' title='bbox 1136 2063 1316 2092; x_wconf 82' lang='lat' dir='ltr'>auctoresque</span> <span class='ocrx_word' id='word_1_417' title='bbox 1338 2061 1442 2088; x_wconf 85' lang='lat' dir='ltr'>citatos.</span> 
     </span>
     <span class='ocr_line' id='line_1_39' title="bbox 144 2079 912 2130; baseline 0.029 -25"><span class='ocrx_word' id='word_1_418' title='bbox 144 2079 208 2114; x_wconf 85' lang='lat'>(3)</span> <span class='ocrx_word' id='word_1_419' title='bbox 234 2082 428 2117; x_wconf 80' lang='lat' dir='ltr'>Disputationis</span> <span class='ocrx_word' id='word_1_420' title='bbox 448 2087 481 2114; x_wconf 87' lang='lat' dir='ltr'>de</span> <span class='ocrx_word' id='word_1_421' title='bbox 504 2090 679 2121; x_wconf 82' lang='lat' dir='ltr'>Mysticismo</span> <span class='ocrx_word' id='word_1_422' title='bbox 703 2104 731 2128; x_wconf 88' lang='lat' dir='ltr'>p.</span> <span class='ocrx_word' id='word_1_423' title='bbox 752 2105 800 2130; x_wconf 81' lang='lat'>113</span> <span class='ocrx_word' id='word_1_424' title='bbox 824 2098 865 2127; x_wconf 86' lang='lat' dir='ltr'>ed.</span> <span class='ocrx_word' id='word_1_425' title='bbox 882 2108 912 2128; x_wconf 87' lang='lat'>2.</span> 
     </span>
    </p>
   </div>
   <div class='ocr_carea' id='block_1_10' title="bbox 962 2148 1022 2185">
    <p class='ocr_par' dir='ltr' id='par_1_11' title="bbox 962 2148 1022 2185">
     <span class='ocr_line' id='line_1_40' title="bbox 962 2148 1022 2185; baseline 0.017 -1"><span class='ocrx_word' id='word_1_426' title='bbox 962 2148 1022 2185; x_wconf 78' lang='lat'>03</span> 
     </span>
    </p>
   </div>
  </div>
 </body>
</html>
