1961 2438
686 101 1209 151 o2R⁷AT10s4
1607 119 1626 148 9

153 192 279 236 perbis
298 191 386 227 mille
404 198 436 225 ct
453 191 706 236 cpiadringentos
724 200 829 224 annos
846 189 963 222 studiis
983 201 1023 222 ac
1038 188 1206 223 laboribus
1223 190 1257 224 id
1271 190 1370 225 modo
1393 192 1546 227 effectum
1564 195 1624 235 sit,

153 257 192 287 nt
215 251 355 284 aliorum
375 250 533 292 exemplis
560 255 592 282 et
615 248 938 291 sapientissiinorum
959 246 1137 280 hominum
1162 250 1346 292 praeceptis
1377 249 1483 283 edocti
1506 260 1626 284 cavea—

153 317 247 348 mus,
279 318 320 340 ne
349 305 577 353 philosophiae
608 305 690 338 fines
718 304 845 347 longius
872 303 1082 347 proferamus
1114 311 1187 337 autr
1202 307 1271 348 ejus
1297 313 1407 349 partes
1436 308 1535 340 latius
1564 319 1624 340 cx—

152 364 350 406 tendamus;
380 375 422 396 ne
447 362 753 395 exaedificationem
779 361 876 393 altilis
905 371 1094 404 ponamus,
1126 371 1228 405 quam
1252 363 1352 396 velint
1374 374 1489 398 rerum
1516 365 1625 409 digni-⁴

149 425 202 452 tas
214 444 224 461 ,
247 420 368 453 virium
388 420 615 452 humanarum
638 419 741 458 ratio,
763 418 894 450 limites.
943 418 1002 450 Uti
1025 416 1176 460 delphico
1193 419 1315 461 templo
1332 420 1532 464 inscriptum
1553 428 1624 454 crat

151 477 250 509 totius
272 475 498 519 philosophiae
522 476 702 508 socraticae
729 475 949 518 principium
982 474 1031 506 sic
1055 474 1156 506 etiam
1180 473 1308 508 diversa
1335 477 1481 518 partium
1508 478 1623 510 distri-

148 530 284 564 butione
307 538 470 575 apparent
495 531 596 573 fines,
620 543 685 575 quo
710 541 814 575 usque
843 532 1047 564 immensum
1075 529 1173 563 nobis
1196 536 1308 573 pateat
1335 534 1527 576 cognitionis
1555 535 1622 567 im—

92 614 99 617 .
150 588 303 630 perium,
328 598 393 631 quo
417 598 522 632 usque
548 589 720 631 pervenire
745 589 849 632 possit
870 587 1021 620 humana
1047 586 1303 630 philosophandi
1323 588 1474 621 facultas.

193 645 321 676 Verum
347 643 507 677 hactenus
537 645 714 677 minimam
746 645 977 678 tantummodo
1013 643 1228 677 dissensionis
1253 650 1383 686 partein
1407 645 1621 689 philosophae

147 699 341 743 adtigimus;
364 701 513 744 sequitur
531 701 678 734 maxima
693 726 702 742 ‚
727 708 911 734 sectarum
933 700 1118 734 dissensio.
1166 704 1375 746 Quocunque
1399 709 1512 735 autem
1532 703 1623 736 hunc

149 757 339 789 certaminis
371 767 529 800 campum
551 757 733 801 ingredior,
765 769 892 802 pugnas
925 759 976 793 vel
1000 768 1190 802 pugnarum
1218 759 1351 802 vestigia
1378 759 1484 794 video.
1536 762 1620 792 Suas

148 813 287 856 quisque
316 814 427 856 copias
451 814 487 846 in
515 819 632 857 aptum
654 814 745 847 ducit
767 816 878 848 locum
901 821 1010 848 sectae
1038 816 1213 858 princep83
1237 815 1344 849 aciem
1373 816 1524 856 instruit3
1554 816 1619 849 ho-

149 869 253 902 stium
275 869 438 912 impetum
463 871 626 903 sustinere
645 870 770 912 studet,
794 872 845 906 vel
867 872 1030 915 proelium
1054 872 1248 911 committit3
1271 877 1322 913 et,
1346 873 1411 905 nisi
1434 874 1621 916 superiores

146 925 214 958 sint
237 925 368 968 hostes,
396 926 528 959 illorum
550 926 747 971 phalangem
769 926 970 971 perfrangit,
996 928 1130 960 alternis
1156 927 1284 962 vicibus
1307 929 1480 962 victoriam
1503 939 1619 971 repor-

146 986 214 1022 tat,
239 986 315 1022 aut,
340 991 445 1024 aequo
464 983 573 1014 Marte
595 992 768 1026 pugnam,
792 992 893 1016 suum
921 984 1059 1027 quisque
1087 984 1197 1017 locum
1215 990 1314 1017 tenet.
1361 984 1503 1017 Difficile
1529 985 1618 1017 dictu

145 1042 196 1069 est
216 1037 256 1069 A.
275 1038 316 1069 A.
350 1043 431 1081 quot
460 1044 649 1082 quantoque
681 1039 744 1072 viri
768 1040 918 1083 ingenio,
951 1039 1016 1073 hoc
1044 1039 1167 1074 bellum
1199 1039 1435 1084 philosophum
1461 1051 1619 1085 suscepe-

142 1094 230 1135 rint,
252 1093 465 1137 pertulerint,
489 1100 546 1128 aut
563 1094 743 1129 victoribus
764 1096 1011 1131 succubuerint.

160 1194 163 1200 .
187 1152 260 1183 Nec
285 1149 447 1194 hodieque
477 1150 602 1184 bellum
633 1151 736 1185 hocce
762 1153 895 1188 finitum
920 1160 977 1188 aut
1001 1164 1069 1199 pax
1094 1156 1268 1189 conciliata
1290 1161 1359 1196 est3
1383 1155 1442 1190 sed
1463 1155 1616 1191 inducia-

140 1200 224 1246 rum
246 1209 355 1251 specie
378 1214 516 1251 paratur
538 1208 651 1242 forsan
672 1210 782 1243 acrius
812 1215 997 1245 certamen:
1022 1213 1086 1245 nisi
1103 1213 1184 1246 alter
1204 1214 1314 1248 veniat
1339 1225 1515 1245 emmas
1527 1237 1536 1254 ,
1561 1213 1618 1256 qui

143 1263 356 1307 philosophos
368 1289 378 1306 ,
411 1271 579 1299 sectarum
601 1266 787 1310 principes,
821 1269 857 1301 in
886 1279 993 1300 unum
1027 1275 1186 1304 convocet
1214 1269 1325 1302 locum
1339 1294 1349 1311 ,
1384 1269 1529 1312 ipsisque
1552 1278 1617 1300 au—

141 1327 213 1360 ctor
230 1322 291 1363 sit,
316 1326 354 1354 ut
376 1321 552 1365 aliquando
570 1323 869 1356 controversiarum
893 1324 1033 1357 modum
1055 1324 1179 1358 faciant
1202 1325 1279 1368 (†).
1325 1327 1447 1357 Nonne
1467 1324 1531 1357 hac
1552 1335 1616 1357 no-

143 1379 209 1410 stra
236 1382 341 1410 aetate
361 1377 524 1419 vidimus,
554 1378 683 1412 decimo
703 1378 771 1412 fere
794 1385 852 1412 aut
872 1380 1029 1424 vigesimo
1054 1391 1184 1424 quoque
1211 1392 1320 1422 anno,
1345 1392 1469 1415 novam
1495 1382 1618 1413 exoriri

141 1436 294 1466 sectam?
320 1449 362 1458 —
384 1435 573 1467 KANTan
595 1436 651 1470 vix
669 1436 843 1478 protulisse
862 1435 1036 1470 videbatur
1061 1449 1078 1469 1)
1101 1447 1229 1471 veram
1248 1443 1513 1481 aeternamque
1526 1436 1614 1480 plu·-

140 1501 164 1537 ³³.
180 1488 400 1533 losopln'am,
411 1490 585 1534 publicae
595 1491 845 1536 privataeque
850 1490 1074 1535 felicitatis,
1094 1504 1139 1526 ac
1146 1499 1355 1537 perpetuae
1374 1492 1472 1526 inter
1489 1503 1613 1526 omnes

139 1557 160 1578 »
179 1550 298 1578 sectas
314 1545 426 1589 pacis
456 1546 678 1590 effectricem
704 1548 815 1591 (*)”;
847 1558 945 1590 cum,
979 1554 1073 1582 ecce!
1108 1551 1264 1583 continuo
1286 1560 1374 1585 nova
1392 1550 1489 1584 turba
1517 1557 1615 1595 atque

140 1603 231 1645 rixa,
255 1614 559 1647 RE1NH0LD1ns‚
583 1618 791 1649 FICHTIUS,
816 1617 1067 1648 BARDILIUS,
1096 1619 1412 1649 SCHELLINGIUS,
1436 1620 1611 1641 ESCHEN—

140 1670 357 1703 MAYERUS,
380 1674 605 1705 affluimus,
628 1663 684 1696 ah]
706 1672 810 1697 novas
832 1662 983 1696 cohortes
1004 1662 1216 1697 adducerent.
1262 1664 1353 1706 Quid
1374 1675 1449 1708 ergo
1470 1674 1611 1708 speran—

136 1715 242 1750 dum?
266 1716 356 1758 Quid
377 1717 565 1761 agendum?
594 1721 752 1760 Quonam
771 1719 812 1751 de
832 1717 1039 1761 philosophis
1060 1719 1160 1752 modo
1187 1730 1289 1753 causa
1311 1720 1451 1755 dicenda
1473 1724 1545 1754 est?
1567 1723 1611 1754 Et

138 1778 196 1815 tu,
219 1772 324 1815 bone,
353 1773 412 1807 sed
434 1774 629 1817 imprudens
657 1776 792 1807 Orator!
824 1775 877 1807 Sic
903 1784 962 1808 vos
994 1777 1034 1808 A.
1056 1776 1096 1807 Α.
1119 1776 1289 1819 loquentes
1312 1776 1426 1809 audire
1451 1776 1534 1809 mihi
1558 1777 1611 1811 vi-

142 1826 243 1872 deor,
269 1830 348 1874 quid
374 1832 535 1875 coepisti?
565 1833 619 1865 An
643 1838 681 1865 tu
704 1843 745 1865 ex
771 1833 845 1876 ipsa
865 1831 1139 1876 philosophorum
1163 1832 1366 1868 dissensione
1387 1832 1614 1877 philosophiae

140 1887 379 1929 praestantiam
400 1887 563 1923 deducere
580 1889 751 1924 instituis?

1539 1947 1610 1982 Ve-⁴

172 2021 243 2055 (†)
267 2023 345 2050 Cxc.
368 2022 401 2049 de
420 2024 488 2057 Leg.
505 2024 527 2053 Ι.
545 2033 589 2053 20.

172 2067 211 2100 (¹³
222 2067 239 2101 )
264 2069 334 2096 Bibl.
353 2070 421 2098 Crit.
439 2071 532 2105 Epist.
544 2072 576 2098 ad
593 2071 693 2106 Lynden
705 2091 714 2107 ,
737 2080 764 2108 p.
781 2079 861 2101 xxm.

916 2118 944 2152 Β
