1930 2448
353 105 391 143 36
576 104 812 143 JACOBI
859 101 1147 133 HENRICI
1193 110 1279 131 vm
1327 109 1420 131 nm
1467 102 1630 134 HEIM

363 187 464 216 melius
482 186 553 215 enim
575 187 687 215 restitui
711 194 796 222 posse
822 193 881 214 non
903 185 1007 212 docent
1035 183 1245 218 insequentium
1272 190 1402 213 conatus.
1454 185 1602 222 Quidquid
1620 185 1693 213 enim
1713 186 1747 214 de
1766 187 1864 224 singu·

365 239 451 265 larum
473 239 565 273 legum
585 237 658 266 serie
671 238 718 265 vel
733 235 966 272 interpretatione
989 234 1193 266 disseruerint,
1219 235 1290 263 hanc
1314 241 1405 264 tamen
1423 235 1598 265 Tabularum
1616 235 1716 264 seriem
1733 237 1863 266 intactam

363 288 561 323 reliquerunt,
589 294 616 316 et
640 287 772 323 religiose
796 285 960 314 servandam
977 293 1038 313 esse
1055 293 1152 314 omnes
1171 285 1229 313 fere
1253 286 1408 314 duxerunt.

400 338 555 375 Quomodo
574 345 666 366 autem
684 337 811 373 singulae
829 337 904 372 leges
922 335 967 363 his
986 335 1014 364 in
1030 335 1150 364 Tabulis
1172 336 1326 372 dispositae
1343 336 1419 372 sint,
1440 343 1467 365 et
1485 337 1630 372 quomodo
1649 345 1743 366 earum
1762 337 1863 365 serlem

362 389 547 427 probaverit,
566 397 642 417 nunc
658 397 762 424 operae
779 387 900 423 pretium
919 393 962 414 est
978 386 1128 422 diligenter
1146 386 1254 417 videre.

513 463 541 498 §.
562 470 592 497 4.
646 461 752 499 Legum
779 459 957 497 ungularum
982 459 1105 487 ordinem
1128 466 1153 487 ct
1173 461 1269 488 seriem
1286 459 1440 497 legitimam
1458 461 1489 488 in
1509 461 1576 499 ipsis
1598 460 1711 490 Tabulis

960 511 1067 538 invenit
1090 517 1115 538 ec
1134 510 1281 547 probavit.

397 592 472 621 Illud
494 590 642 627 superiori·
664 591 693 626 §.
718 588 843 618 vidimus
874 586 1087 616 Gothofredum
1113 586 1236 623 primum
1268 586 1409 622 cogitasse
1440 588 1474 615 de
1511 587 1621 623 legibus
1650 586 1771 617 Tabulis
1799 589 1859 618 suis

358 642 536 677 inserendis,
567 649 593 670 et
614 649 668 676 qua
695 640 803 668 ratione
830 640 1004 675 singularum
1032 637 1207 665 Tabularum
1231 644 1429 674 argumentum
1449 646 1464 665 a
1483 647 1513 666 se
1537 638 1720 674 propositum
1740 640 1861 675 probare

356 700 476 722 conatus
493 693 530 721 sit
549 691 709 721 docuimus.
751 690 840 718 Nunc
852 689 940 725 igitur
955 687 1115 724 proximum
1135 695 1195 723 est,
1213 696 1244 717 ut
1259 689 1402 717 videamus
1417 696 1483 716 num
1504 690 1582 724 leges
1601 688 1630 716 in
1646 689 1717 725 ipsis
1737 689 1858 719 Tabulis

356 746 465 772 locatae
481 744 538 772 sint
561 752 595 771 eo
620 741 740 775 ordine,
773 748 856 775 quem
880 739 1108 775 uniuscujilsque
1132 738 1261 767 Tabulae
1288 747 1484 775 argumentum
1509 740 1657 774 postulat,
1680 746 1708 767 et
1735 740 1860 769 animer

355 803 385 822 se
403 795 475 822 bene
491 795 661 822 cohaereant
677 792 745 820 haec
769 791 829 827 ipsa
847 789 1014 826 fragmenta.
1060 790 1138 827 Quid
1159 799 1228 818 vero
1246 790 1297 818 hac
1316 790 1345 818 in
1363 798 1392 817 re
1412 789 1603 826 praestiterint
1618 789 1707 826 JCti‚
1732 790 1779 825 qui
1795 790 1859 819 Go-

354 844 516 873 tliosredum
536 848 770 880 praecesserunt,
788 841 817 869 in
834 841 910 876 Cap.
928 840 1102 876 supereriori
1122 850 1180 869 non
1197 840 1295 877 paucis
1313 841 1511 876 exposuimus.
1552 841 1592 869 Et
1615 841 1728 876 quidem
1748 849 1782 869 ex
1798 841 1857 870 illis

354 902 483 924 constare
502 903 587 930 posse
604 894 736 928 videtur,
758 901 773 920 a
797 891 915 926 reliquis
933 892 1017 928 this
1040 892 1122 920 nullo
1140 892 1246 927 modo,
1268 900 1282 919 a
1300 891 1421 919 Pithoe'o
1440 900 1510 919 vero
1532 897 1560 920 et
1578 891 1712 919 Marcilio
1730 891 1860 927 aliquan—

351 953 412 974 tum
436 945 620 974 Gothoftedo
645 952 719 979 opus
744 944 896 972 allevatum
925 942 1027 971 fuisse.
1076 942 1116 970 Hi
1138 949 1230 970 autem
1261 941 1314 970 viri
1340 941 1413 970 viam
1433 941 1458 969 ei
1480 941 1620 970 indicasse
1642 942 1748 978 magis,
1773 951 1857 978 quam

353 996 510 1025 munivisse
540 995 654 1023 dicendi
685 1000 772 1029 sunt,
801 994 845 1021 ita<
867 1000 898 1021 ut
933 1002 982 1022 eos
1015 993 1050 1021 ad
1078 994 1178 1029 pedem
1211 992 1294 1027 sequi
1325 1000 1385 1022 nou
1419 992 1569 1028 potuerit;
1594 991 1752 1028 legitimum
1782 993 1857 1021 enim

352 1046 480 1074 ordinem
511 1045 580 1080 quin
604 1044 764 1073 invenerint
794 1050 822 1072 et
849 1043 1054 1080 proposuerint
1081 1044 1119 1071 ita
1149 1045 1269 1071 multum
1290 1042 1393 1078 abest,
1423 1049 1455 1071 ut
1474 1043 1595 1079 plurima
1620 1044 1746 1079 exempla
1774 1043 1856 1072 facile

350 1095 523 1125 contrarium
541 1095 643 1122 docere
661 1094 792 1129 possint,
815 1094 893 1129 quod
913 1100 941 1121 et
959 1103 1046 1129 supra
1060 1093 1161 1122 conati·
1176 1102 1286 1121 sumus.
1327 1093 1438 1122 Deinde
1453 1093 1586 1121 universe
1611 1093 1681 1121 iilud
1701 1094 1855 1122 dolendum

351 1153 414 1183 cst,
429 1147 494 1175 illos
510 1154 569 1174 non
585 1144 720 1181 adjecisse
736 1144 862 1173 rationes
875 1165 884 1179 ‚
908 1143 1012 1179 quibus
1029 1143 1087 1171 nixi
1105 1145 1188 1171 talem
1208 1143 1333 1171 ordinem
1353 1143 1445 1172 secuti
1463 1150 1542 1172 sunt.
1579 1143 1764 1172 Gothofredo
1785 1153 1853 1173 vero

348 1200 414 1227 haec
430 1199 492 1226 laus
519 1195 660 1231 debetur,
684 1195 762 1230 quod
784 1204 843 1224 non
870 1201 979 1223 tantum
1004 1193 1161 1229 legitimum
1186 1193 1265 1221 illum
1288 1193 1414 1222 ordinem
1438 1194 1616 1228 restituerit,
1646 1202 1743 1222 verum
1776 1195 1854 1230 quod

349 1250 431 1278 etiam
451 1253 614 1283 argumenta
635 1246 740 1282 quibus
767 1246 834 1274 haec
862 1245 1006 1273 restitutio
1029 1244 1156 1273 firmatur
1181 1244 1357 1279 exposuerit.
1409 1243 1551 1272 Nostrum
1579 1243 1691 1279 quidem
1717 1245 1774 1281 jam
1800 1245 1854 1274 erit

346 1299 445 1337 paucis
473 1299 641 1333 ostendere,
664 1307 718 1334 qua
737 1297 765 1326 in
793 1306 823 1325 re
844 1295 1114 1325 ordovGothofredi
1135 1295 1169 1323 ab
1198 1294 1248 1323 illo
1267 1303 1283 1322 a
1302 1295 1502 1330 superioribus
1531 1294 1691 1330 excogitato
1718 1296 1851 1333 recedat,

348 1358 375 1380 et
391 1350 496 1386 quibus
513 1348 685 1386 argumentis
703 1357 788 1377 suum
805 1347 933 1376 ordinem
949 1346 1104 1383 legitimum
1122 1354 1183 1373 csse
1199 1345 1456 1374 demonstraverit..

386 1402 487 1437 Itaque
507 1401 531 1430 si
555 1402 633 1436 leges
657 1400 826 1436 inspicimus
841 1420 851 1435 ⁷
871 1401 927 1436 jam
951 1399 1015 1434 ipso
1039 1397 1122 1426 initio
1148 1396 1257 1426 ordinis
1279 1396 1355 1432 apud
1379 1397 1445 1425 illos
1460 1397 1553 1434 JCtos
1577 1396 1769 1426 diversitatem
1797 1398 1851 1426 ob-

345 1463 458 1484 servare
474 1453 554 1481 licet.
597 1452 686 1487 Apud
702 1451 917 1480 Gotliofredum
936 1449 1008 1478 enim
1025 1454 1093 1484 post
1110 1448 1163 1476 tria
1178 1447 1226 1476 illa
1245 1447 1357 1483 capita,
1381 1456 1452 1482 quae
1470 1447 1503 1475 de
1519 1447 1608 1483 injus
1621 1447 1742 1476 vocando
1762 1456 1849 1484 sunt,

343 1505 473 1541 sequitur
494 1506 540 1533 lex
557 1505 671 1539 illa„si
697 1504 781 1530 emiet
806 1503 855 1539 qm*
882 1502 913 1529 in
931 1501 981 1537 jas
1006 1505 1133 1528 vocatum
1157 1498 1276 1527 vindicii}
1299 1499 1422 1534 mittit0;
1450 1499 1526 1534 apud
1546 1498 1698 1526 Pitho'e'um
1727 1508 1795 1527 vero
1821 1506 1849 1527 et

343 1556 508 1584 Marcilium
526 1560 682 1583 occurrunt
708 1553 760 1580 alia
784 1558 832 1580 aut
857 1558 947 1580 stains
970 1551 1027 1579 dies
1047 1560 1109 1579 cum
1131 1551 1205 1578 hoste
1225 1567 1319 1578 .....
1342 1549 1452 1577 morbus
1474 1550 1594 1577 sonticus
1614 1550 1638 1576 si
1661 1548 1733 1585 quid
1747 1549 1847 1577 horum

341 1606 498 1640 fititzmum
507 1604 603 1641 judici
627 1603 771 1632 arbitrove
795 1610 873 1630 reove
896 1611 923 1629 eo
948 1601 992 1629 die
1015 1601 1147 1638 diffensus
1170 1607 1242 1635 esto,
1264 1600 1293 1628 in
1316 1608 1373 1635 quo
1398 1601 1463 1627 loco
1481 1598 1581 1626 merito
1599 1598 1713 1634 genuini
1738 1599 1846 1628 ordinis

339 1659 401 1685 laus
422 1653 606 1685 Gothofredo
624 1653 773 1682 tribuenda
787 1652 920 1681 videtur⁸>
953 1652 1034 1689 Quae
1052 1651 1126 1680 euim
1149 1650 1194 1678 hic
1212 1651 1318 1679 habent
1342 1650 1384 1678 illi
1408 1655 1539 1677 auctores
1565 1649 1600 1676 ad
1618 1650 1770 1678 secundam
1788 1650 1846 1679 Ta-

340 1707 437 1736 bulam
463 1706 605 1742 pertinere
629 1704 678 1732 vix
700 1704 818 1732 dubium
846 1709 910 1738 est,
940 1702 969 1731 in
995 1711 1051 1737 qua
1077 1708 1170 1729 actum
1194 1700 1250 1728 fuit
1273 1701 1307 1728 de
1318 1699 1437 1737 judiciis
1460 1705 1493 1728 ut
1509 1707 1595 1734 supra
1611 1699 1754 1734 vidimus,
1777 1709 1843 1729 cum

339 1758 422 1786 etiam
448 1756 481 1785 de
496 1754 653 1792 differenda
670 1754 715 1783 die
730 1753 838 1790 judicii
858 1754 887 1782 in
904 1753 942 1782 ΙΙ.
963 1752 1090 1781 Tab..2.
1110 1753 1132 1780 l.
1155 1757 1243 1779 actam
1270 1750 1360 1779 fuisse
1382 1750 1466 1778 docet
1487 1750 1590 1778 Festus
1613 1749 1642 1778 in
1664 1759 1736 1778 voce
1760 1760 1843 1787 reus,-

339 1808 414 1844 apud
432 1806 733 1836 Gothofredum-vero
750 1805 856 1832 rectius
879 1810 1040 1839 sequuntur
1062 1804 1139 1838 leges
1160 1800 1193 1830 de
1212 1800 1321 1829 vindice
1338 1807 1363 1828 et
1387 1800 1422 1828 de
1437 1800 1695 1836 transactionibus,
1718 1802 1796 1837 quod
1815 1809 1843 1830 et

338 1859 406 1895 Gaji
424 1857 589 1887 testimonio
604 1857 658 1885 niti
676 1856 807 1891 videtur3
832 1862 874 1883 est
890 1854 962 1882 enim
980 1854 1055 1889 apud
1071 1852 1195 1889 Gajum,
1221 1851 1298 1886 „qui
1316 1850 1346 1879 in
1354 1850 1405 1887 Jus
1424 1858 1544 1879 vocatus
1564 1857 1607 1879 est
1617 1852 1757 1886 ‚‘duobus
1771 1853 1845 1880 casi-

340 1910 396 1937 bus
409 1909 593 1937 dimittendus
610 1913 673 1942 est,
685 1906 790 1942 siquis
809 1907 870 1942 eJ'us
888 1912 1039 1940 personam
1057 1903 1200 1938 defendit,
1219 1909 1246 1929 er
1262 1901 1308 1936 si,
1324 1901 1391 1928 dum
1410 1901 1495 1938 inJus
1510 1901 1643 1937 venitur,
1654 1903 1688 1930 de
1704 1911 1733 1930 re
1749 1909 1842 1931 trans·

337 1966 431 1988 actum
446 1958 553 1986 suerit'’
579 1958 607 1986 in
631 1958 669 1986 L.
687 1966 735 1986 22.
757 1958 785 1991 §.
807 1965 834 1984 1.
857 1956 890 1983 de
906 1956 935 1984 in
950 1956 1002 1992 Jus
1018 1963 1086 1983 voc.
1124 1954 1185 1990 Jam
1206 1960 1274 1980 vero
1293 1951 1317 1979 si
1336 1951 1365 1979 in
1381 1951 1592 1987 comparatione
1614 1952 1721 1981 ordinis
1741 1961 1840 1989 perga-

337 2019 421 2044 mus,
445 2008 538 2037 statim
561 2015 682 2043 uterque
705 2007 810 2035 erroris
830 2006 989 2042 arguendus
1015 2013 1077 2033 esse
1096 2003 1210 2032 videtur
1231 2009 1258 2030 et
1279 2002 1427 2030 Pithoeus«
1440 2008 1467 2030 et
1486 2002 1648 2031 Marcilius.
1689 2004 1776 2038 Apud
1792 2004 1840 2032 1³12

339 2062 457 2089 tbo'eum
473 2065 540 2095 post
565 2057 733 2094 praedictam
751 2059 839 2093 legem
863 2055 1117 2092 sequuntur-duae
1141 2053 1232 2087 aliae,
1255 2061 1327 2087 quae
1358 2052 1403 2080 hic
1431 2061 1489 2081 non
1513 2052 1679 2088 pertinent,
1705 2053 1837 2082 nimirum

336 2111 488 2147 altera„si
504 2110 559 2149 qia·⁴
570 2109 600 2137 in
616 2108 692 2145 jure.
702 2117 815 2137 manum
833 2112 1001 2142 conserunt,
1022 2106 1136 2142 utrique
1150 2102 1344 2142 superstitibus
1362 2102 1501 2133 vindicias
1515 2109 1662 2140 sumunto,
1681 2110 1709 2132 et
1729 2105 1814 2133 altera
1825 2125 1849 2140 ,⁷

1815 2163 1838 2183 st
