1961 2438
705 76 1111 112 ORATIO:
1607 88 1651 118 '11'

173 166 274 200 modo
296 171 389 210 parte
415 165 591 208 illustrata,
616 165 676 198 etsi
700 174 771 197 sese
795 163 905 198 videre
926 175 979 198 res
1009 166 1099 209 ipsas
1128 165 1192 200 sibi
1211 167 1451 211 persuadeant,
1483 168 1566 202 nihil
1594 176 1647 203 ta-

172 234 252 258 men
278 223 391 258 vident
422 223 575 256 homines
601 223 667 255 nisi
690 231 804 255 rerum
824 220 985 255 umbras:
1009 223 1055 255 ita
1080 233 1210 268 quoque
1237 224 1306 258 veri
1330 225 1488 268 cognitio,
1511 227 1647 260 luminis

173 282 278 314 instar
302 281 337 313 in
361 280 473 313 oculos
496 278 690 320 incidentis„
713 278 874 321 dependet
893 283 991 322 atque
1018 279 1172 313 adficitur
1192 291 1212 313 a
1232 281 1334 314 medii
1353 282 1533 325 interiecti,
1558 284 1647 327 quod

172 338 291 370 transit
318 338 457 378 natura,
479 347 543 369 nec
559 346 629 368 non
654 334 696 367 ab
713 335 817 378 ipsius
840 334 986 369 hominis
1011 337 1261 381 constitutione,
1284 340 1498 384 organisque,
1523 340 1643 384 quibus

169 404 223 429 res
248 395 406 437 percipit,
427 393 545 433 sentit,
568 392 702 435 appetit.

213 455 308 493 Quae
335 460 413 483 eum
439 450 485 482 ita
510 449 593 489 sint,
621 458 664 481 ne
687 448 871 490 miremur,
902 448 1147 495 indagationem
1169 451 1261 494 veri,
1291 452 1510 486 inventricem
1534 460 1644 487 secta-

168 518 245 541 rum
262 532 271 549 ‚
303 516 434 549 semper
458 505 652 549 dependisse
677 515 697 538 a
722 511 911 548 temporum
937 507 1087 550 ratione,
1121 507 1242 551 quibus
1270 509 1424 542 vixerunt
1443 509 1641 554 philosophi.

166 565 242 598 scio
265 563 436 607 equidem,
460 562 720 605 sapientissimos
749 573 897 607 quosque
928 563 1038 605 viros,
1068 565 1245 608 praecipue
1266 564 1494 609 legumlatores
1517 573 1550 600 et
1563 567 1642 610 phi—

166 619 321 663 losophos
345 629 485 652 suorum
510 618 702 662 aequalibus
726 625 917 663 temporum
939 631 978 658 eo
1001 631 1130 664 quoque
1155 623 1357 664 praestitisse
1372 648 1381 664 ,
1406 623 1494 666 quod
1515 624 1641 657 elatiori

163 677 279 710 animo
297 676 390 719 longe
413 676 516 710 evecti
537 681 646 708 essent
665 685 766 719 supra
786 675 927 709 saeculi
944 675 1001 709 sui
1025 687 1190 719 errores,
1201 676 1350 720 judicia
1360 686 1642 724 praeoccupata

164 743 211 766 ac
234 731 540 776 superstitiones.-
573 734 646 764 Imo
669 741 748 766 vero
773 732 931 774 permulti
959 733 1053 766 fliere
1079 743 1199 778 magno
1226 733 1378 768 homines
1401 736 1530 780 ingenio
1543 762 1552 778 ‚
1583 739 1639 781 qui

159 790 267 823 animi
288 789 456 822 alacritate
473 794 506 821 et
527 788 739 821 saeculorum
761 788 908 831 quodam
933 790 1069 833 augurio
1092 790 1283 824 futurorum
1311 793 1452 826 consiliis
1473 792 1639 837 rebusque

159 847 261 889 gestis
277 846 313 879 in
333 845 425 878 hisce
439 846 565 889 inagis,
588 851 690 889 quam
709 855 771 877 suo
790 845 853 888 ipsi
872 855 952 880 aevo
973 847 1100 895 vixisse⁸
1115 847 1300 882 videantur.
1347 850 1478 882 Verum
1492 849 1555 882 dici
1570 861 1638 883 non

133 928 139 931 .
163 908 290 946 potest,
314 908 440 946 quanta
455 903 497 935 sit
518 907 550 934 et
569 904 604 935 in
621 902 786 935 maximos
812 902 901 935 viros
926 903 1102 947 temporis
1124 903 1179 938 vis
1200 905 1411 948 gentiumque
1431 906 1547 939 indolis
1573 918 1638 940 na-

159 959 248 993 tivae
270 958 427 992 efficacia.
474 956 605 999 Quibus
627 956 713 989 bene
735 957 916 1000 perspectis
938 964 1036 1003 atque
1060 962 1245 1002 concessis,
1269 962 1342 1004 quis
1366 967 1432 1003 est,
1458 964 1515 1006 qui
1538 963 1638 997 dubi-

159 1022 246 1050 taret
269 1016 309 1048 de
333 1015 516 1049 sententiae
533 1015 696 1049 veritate?

155 1097 159 1100 -
203 1073 387 1106 Variarum
416 1071 561 1106 indolem
586 1067 734 1115 gentium
759 1082 798 1106 ac
825 1071 1033 1108 diversorum
1056 1074 1223 1109 rationem
1246 1081 1438 1120 temporum
1459 1068 1549 1121 quod
1574 1078 1635 1112 acl-

156 1128 259 1170 tinet,
288 1128 398 1161 nullus
419 1138 489 1161 non
503 1127 608 1169 videt,
632 1133 766 1171 genteS,
793 1139 898 1172 aeque
925 1141 965 1178 ac
993 1132 1136 1176 singulos
1157 1132 1329 1176 homines,
1361 1144 1460 1167 suam
1486 1145 1634 1179 quasque

154 1184 279 1218 habere
301 1179 549 1226 maturitatem,
581 1184 623 1217 ad
647 1195 769 1229 quam,
803 1191 994 1228 temporum
1019 1189 1154 1232 quidem
1184 1190 1302 1234 lapsu,
1331 1191 1468 1240 perduci
1490 1199 1632 1236 queant,

154 1252 262 1286 quam
290 1251 368 1276 vero
391 1242 575 1275 incolumes
596 1253 771 1286 nunquam
794 1252 953 1286 superare
976 1246 1116 1288 possint.

152 1323 157 1326 .
198 1299 251 1334 Ad
273 1299 398 1342 optima
422 1299 645 1335 increscentis
664 1304 722 1331 aut
743 1298 962 1334 decrescentis
988 1302 1208 1342 humanitatis
1231 1304 1373 1347 indicia,
1396 1311 1452 1348 ut,
1476 1308 1629 1341 multitu-

153 1356 242 1389 dinis
264 1356 412 1397 ratione,
445 1361 534 1388 recte
558 1356 747 1389 referuntur
775 1359 976 1401 populorum
1000 1359 1084 1404 leges
1108 1360 1187 1404 (*):
1222 1362 1274 1395 Sic
1297 1372 1428 1406 quoque
1449 1365 1631 1407 sapientiae

152 1413 287 1446 inventa
310 1417 342 1444 et
357 1411 506 1445 diversae
521 1412 795 1456 philosophorum
813 1413 1055 1458 dissensiones,
1078 1417 1114 1449 in
1137 1415 1274 1451 historia
1292 1417 1529 1461 humanitatiS,
1552 1421 1629 1454 illu-

152 1468 317 1502 strissima
351 1474 482 1512 ponunt
519 1476 738 1504 monumenta
775 1477 807 1504 et
846 1472 1010 1516 quasdam
1052 1474 1148 1517 quasi
1186 1483 1362 1508 mensuras
1398 1478 1624 1521 constituunt,

150 1524 273 1568 quibus
299 1527 423 1569 optime
451 1532 692 1570 agnoscantiu',
725 1527 814 1571 apud
842 1528 988 1562 diversas
1014 1535 1146 1573 gentes,
1177 1541 1246 1564 non
1266 1533 1381 1575 populi
1404 1533 1483 1578 <qui
1508 1536 1628 1579 quippe

152 1582 291 1620 minime
313 1582 591 1627 philosophatur)
621 1584 755 1625 cultus3
784 1584 843 1617 sed
870 1594 1084 1620 summorum
1112 1588 1242 1631 ingenia
1268 1590 1416 1623 virorum
1429 1615 1438 1632 ,
1469 1592 1528 1624 scd
1554 1594 1628 1627 illo-

149 1647 229 1677 rum
254 1639 297 1672 ad
329 1641 557 1674 maturitatem
585 1651 800 1687 progressus,
832 1643 891 1676 sed
914 1643 1041 1677 indoles
1073 1645 1216 1686 cujusvis
1242 1647 1313 1680 aevi
1339 1645 1559 1692 philosopha,
1586 1662 1627 1684 ac

150 1696 296 1738 cujusvis
330 1698 435 1740 gentis
475 1708 627 1732 accessus
659 1706 757 1744 atque
785 1693 936 1734 recessus
961 1702 997 1735 in
1021 1703 1222 1745 gravissimis
1246 1703 1347 1737 rebus
1375 1704 1493 1739 divinis
1528 1713 1626 1751 atque

149 1751 308 1786 humanis
330 1754 574 1798 investigandis-

171 1813 327 1855 Longum
359 1812 402 1845 sit
434 1823 507 1845 rem
536 1815 696 1858 exemplis
725 1815 890 1849 illustrare
920 1828 961 1849 ex
990 1817 1062 1861 ipsa
1085 1817 1312 1862 philosophiae
1337 1818 1472 1854 historia
1496 1822 1623 1864 petitis;

150 1868 307 1901 Attamen
321 1893 331 1910 ,
362 1878 423 1911 pro
447 1870 607 1903 materiae
635 1870 813 1916 dignitate,
845 1875 1068 1919 temporisque
1096 1875 1215 1920 quibus
1247 1876 1426 1910 concludor
1447 1879 1622 1921 angustiis,

148 1926 268 1969 paucis
293 1937 371 1959 eam
395 1926 559 1970 explicare
577 1928 684 1962 liceat.

1582 1984 1622 2014 In

180 2038 246 2072 (¹¹¹)
264 2040 347 2066 Conf.
366 2041 472 2073 egregia
497 2049 517 2074 J.
541 2050 573 2070 M.
596 2050 770 2076 usuram,
797 2043 831 2073 V.
849 2045 894 2072 Cl.
920 2046 1010 2072 Oratio
1029 2046 1059 2072 de
1076 2045 1119 2072 hoe
1138 2048 1190 2081 ipso
1212 2054 1360 2081 argumento
1373 2067 1381 2081 ,
1406 2049 1494 2075 habita
1516 2050 1624 2078 Amstel.

146 2085 199 2113 Ao.
216 2087 401 2114 MDCCCVI.
900 2129 927 2160 B

951 2138 969 2159 2
