1961 2438
725 102 1111 140 ·oRAT10.
1621 128 1660 162 17

180 194 391 238 Newtonique
422 191 568 226 doctrina
604 201 750 235 unquam
784 191 826 223 sit
853 202 1023 225 recessum.
1087 195 1193 229 Immo
1230 198 1309 232 haec
1348 207 1437 235 tanto
1468 208 1569 252 magis
1605 215 1653 242 est

182 252 370 284 confirmata
389 257 485 294 atque
506 248 652 281 stabilita.
675 266 720 274 —
749 248 927 281 Enimvero
950 255 982 281 et
997 251 1188 295 amplificata
1207 263 1254 288 est
1272 257 1382 291 eadem
1403 268 1434 293 et
1452 262 1652 309 locupletata,

222 366 307 397 Haec
334 371 440 397 autem
467 375 534 407 quo
561 363 672 395 minus
703 362 831 406 copiose
859 361 1014 406 explicem
1046 365 1152 398 A.A.!
1184 372 1337 413 temporis
1362 384 1450 407 nunc
1474 378 1647 420 prohibent

179 422 354 465 angustiae.
420 423 446 453 E
476 420 657 464 praecipuis
691 422 889 469 argumentis
920 430 1048 464 pauca,
1077 421 1177 467 eaque
1202 425 1315 460 leviter
1340 436 1484 473 tantum,
1519 436 1653 480 attinge-

176 488 211 510 re
234 477 381 510 sufficiat.

222 593 297 624 Duo
319 591 471 636 praeclari
502 590 589 635 apud
606 589 732 633 Anglos
758 591 945 624 Astronomi
973 604 1200 627 MOLYNEUX
1229 603 1260 629 et
1289 609 1477 636 BRADLEY
1497 605 1644 642 observa-

174 656 309 688 verunt,
333 649 475 693 singulas
494 647 575 679 fixas
601 647 767 691 parvulam
786 651 963 691 quotannis
985 650 1162 684 describere
1181 652 1325 697 ellipsin,
1357 670 1424 702 quo
1443 668 1534 694 motu
1556 671 1588 696 et
1612 666 1646 697 in

170 705 304 749 sphaera
328 706 456 739 coelesti
482 705 667 748 designatur
693 704 791 736 simul
820 705 989 749 Eclipticae
1012 712 1129 751 imago.
1176 712 1270 743 Hunc
1310 724 1387 746 vero
1421 725 1545 751 motum
1570 733 1645 754 cum

168 773 188 793 e
210 762 369 794 celeritate
404 761 569 794 radiorum
600 761 753 800 luminis,
783 768 992 805 spectatorem
1020 765 1054 796 in
1080 767 1256 810 Terra‘per
1288 780 1433 804 annuum
1469 776 1552 808 circa
1586 779 1644 810 So-

168 817 231 851 lem
252 830 386 851 cursum
405 820 648 856 comitantium,
676 819 932 862 ingeniosissime
961 821 1132 864 explicaret
1148 823 1328 866 Bradleius,
1350 839 1425 861 eum
1440 842 1508 863 non
1526 845 1639 867 verum

165 885 234 907 esse
256 882 381 907 motum
405 876 535 914 docuit,
556 875 612 907 sed
629 875 687 918 qui
713 876 816 919 specie
851 875 998 920 decipiat.
1047 880 1287 915 Aberrationem
1318 888 1454 919 vocavit.
1498 890 1586 924 Idem
1611 899 1643 925 et

166 930 265 963 atium
284 931 463 971 stellarum,
486 931 597 964 itidem
617 932 860 979 imaginarium,
877 933 1048 966 declaravit
1070 944 1194 969 motum
1217 949 1273 982 per
1290 947 1415 973 motum
1443 945 1510 976 axis
1525 948 1639 981 Terrae

164 987 375 1027 circularem,
395 998 493 1031 quem
516 990 724 1020 mutationem
750 989 932 1033 appellavit.
986 994 1052 1024 Hac
1073 1000 1178 1026 autem
1205 1000 1483 1039 argumentatione
1507 1004 1639 1036 incredi-

164 1043 261 1076 bilem
285 1044 373 1076 illam
390 1045 539 1089 probavit
557 1046 705 1078 Luminis
733 1046 948 1088 velocitatem,
972 1060 1069 1092 quam
1098 1052 1198 1094 priori
1226 1055 1334 1086 seculo
1360 1067 1378 1087 e
1409 1058 1496 1089 Jovis
1521 1061 1638 1093 satelli·

164 1106 235 1132 tum
258 1100 431 1145 eclipsibus
448 1101 629 1134 deduxerat
649 1105 844 1144 Roemerus,·
868 1104 965 1137 simul
986 1112 1018 1138 et
1041 1107 1190 1151 probavit
1208 1109 1346 1144 fixarum
1366 1124 1384 1144 a
1405 1115 1500 1148 nobis
1511 1117 1634 1150 distan-

162 1157 261 1197 tiam,
291 1169 391 1203 quam
416 1161 614 1204 Coperuicus
642 1162 707 1203 jam
728 1161 942 1204 praedixerat,
976 1169 1042 1195 tam
1069 1165 1276 1208 immensam,
1307 1176 1363 1209 ut,
1396 1182 1414 1202 e
1438 1183 1633 1218 quocunque

165 1213 288 1247 orbitae
315 1215 438 1248 telluris
462 1223 585 1260 puncto
610 1216 848 1260 adspiciantur,
878 1219 991 1252 eodem
1017 1220 1088 1253 illae
1113 1231 1263 1268 maneant
1294 1225 1386 1267 loco,
1419 1229 1562 1271 adeoque
1585 1239 1633 1265 to·

162 1273 230 1305 tius
250 1271 372 1305 orbitae
396 1273 590 1307 diametrum
613 1285 652 1307 eo
678 1280 825 1318 respectu
848 1277 963 1319 puncti
992 1279 1033 1310 sit
1055 1278 1165 1313 instar.

202 1386 425 1422 Nihilominus
436 1391 669 1425 recentioribus
687 1404 819 1439 quoque
838 1400 963 1426 constat
977 1394 1255 1432 observationibus
1267 1423 1277 1441 ,
1302 1407 1334 1434 et
1351 1401 1459 1435 Solem
1480 1410 1626 1437 nostrum

159 1454 234 1476 cum
264 1456 324 1477 suo
349 1446 550 1489 planetarum
583 1456 772 1493 systemate,
806 1458 841 1483 et
877 1455 987 1485 omnia
1011 1455 1122 1488 itidem
1158 1458 1282 1498 sidera,
1313 1472 1470 1505 perquam
1495 1462 1630 1495 lentissi-

154 1510 210 1533 mo
238 1500 311 1534 licet
333 1514 500 1546 processu,
522 1517 630 1539 revera
651 1514 758 1541 tamen
782 1508 854 1541 loco
880 1521 941 1543 suo
964 1512 1082 1543 sensim
1107 1512 1276 1549 dimoveri.

193 1612 222 1644 E
242 1611 481 1647 Gallo-francis
502 1616 677 1651 indefessus
705 1632 751 1652 nn
773 1632 821 1653 LA
855 1633 1031 1663 camma,
1065 1625 1209 1659 maribus
1243 1628 1399 1672 trajectis,
1423 1630 1623 1676 hemisphae-

158 1668 241 1700 rium
259 1673 467 1703 antarcticum
486 1673 574 1705 haud
588 1677 697 1707 minus
713 1676 877 1711 Sideribus
890 1692 988 1724 quam
1005 1683 1158 1715 arcticum
1177 1692 1324 1718 nostrum
1344 1687 1512 1722 abundare
1527 1702 1620 1722 mon.-

153 1726 266 1757 stravit
289 1726 435 1771 primus3
457 1729 527 1761 tum
552 1737 584 1762 et
610 1743 677 1775 quo
703 1734 807 1777 spatio
824 1736 865 1767 sit
884 1738 975 1769 Luna
998 1749 1017 1770 a
1037 1738 1163 1772 Tellure
1188 1749 1310 1774 remota
1331 1752 1476 1778 accurate
1502 1746 1621 1779 docuit.

195 1838 299 1878 Quam
321 1839 448 1873 infinita
470 1852 548 1874 vero
570 1845 613 1876 sit
641 1845 804 1879 stellarum
827 1849 1023 1891 multitudo,
1045 1863 1110 1896 qua
1134 1854 1350 1887 vastissimum
1382 1857 1497 1889 mundi
1516 1859 1619 1903 reple-

151 1898 204 1924 tur
229 1895 388 1937 spatium,
412 1896 621 1942 intelligimus
647 1904 817 1948 praecipue
844 1912 917 1949 post
947 1909 1107 1951 insignem
1131 1909 1323 1944 industriam
1347 1924 1620 1956 HERSOHELH,

150 1956 245 1993 gente
276 1952 448 1993 Germani,
477 1957 561 1988 inter
587 1960 760 1993 Britannos
780 1963 985 2003 veroclari,
1016 1966 1074 2008 qui
1095 1977 1134 1997 ex
1158 1968 1344 2000 earumdem
1372 1970 1543 2015 multiplici
1569 1973 1621 2004 lu·

142 2006 253 2048 mine,
277 2008 332 2040 sed
342 2009 497 2045 immensa
513 2013 662 2048 distantia
680 2018 839 2062 confuso,
861 2022 948 2053 viam
964 2021 1051 2054 illam
1063 2045 1075 2062 ‚
1098 2034 1197 2067 quam
1213 2033 1348 2066 vocant,
1370 2027 1452 2060 coeli
1471 2030 1615 2061 Lacteam

911 2079 936 2109 C
1555 2095 1618 2117 no-
