1930 2448
355 140 678 179 COMMENTAHO
708 152 750 175 AD
781 142 1092 183 QUAESTtONEM
1121 144 1346 176 Pilx'siCAM.
1586 154 1605 181 9

87 234 174 265 discis
194 231 287 261 coreis
305 230 533 267 deprimebatur,
557 237 585 258 et
603 228 650 258 tali
672 228 758 256 modo
776 228 852 256 actio
870 227 946 263 pilae
964 228 1084 257 maxime
1100 228 1295 257 minuebatur.
1337 227 1392 256 Hic
1414 226 1544 255 defectus
1565 234 1605 254 ta-

86 295 153 316 men
169 283 268 314 deiude
293 282 349 311 fuit
371 281 515 312 sublatus.
555 280 630 309 Nam
650 279 736 308 simili
754 278 861 313 modO,
883 286 942 313 quo
961 278 1033 307 disci
1053 278 1107 307 sibi
1125 279 1245 308 invicem
1267 279 1599 315 supel'lmporicbantul·‚

87 337 206 366 laminae
222 334 398 363 metallorum
416 333 496 370 juxta
513 340 544 361 se
563 333 591 360 in
614 333 696 360 alveo
720 330 843 366 quodam
860 329 1102 366 disponebantur.
1144 331 1279 358 Laminac
1297 330 1360 358 illae
1379 329 1484 358 diversi
1502 329 1600 356 metat*

90 389 110 417 li
129 387 211 415 binae
229 383 385 413 ferrumine
410 383 471 412 sive
485 383 665 419 plumbatum
681 381 894 418 jungebantur,
912 388 941 410 et
964 381 999 411 ad
1021 388 1113 410 certas
1135 381 1165 410 in
1188 384 1269 410 alveo
1287 382 1467 418 ponebantur
1493 381 1601 409 distan-

79 439 165 474 tias,
187 438 217 466 in
241 436 351 472 quibus
376 435 532 465 intervaIIIS
554 434 758 464 infundebatur
783 443 875 469 aqua,
898 442 962 462 cum
985 435 1018 469 3¹5
1037 432 1123 462 Acidi
1146 433 1242 462 nitrici
1268 440 1296 461 ct
1316 435 1349 468 5¹,-
1371 433 1453 461 Aestii
1479 432 1601 467 suiphn-

88 490 142 520 rici
167 489 263 518 mixta.
305 488 387 516 Talis
415 492 568 523 apparatus
596 486 685 522 vulgo
708 485 803 514 alveus
827 484 955 521 dicitur,
976 484 1088 514 Galiice
1111 484 1288 514 Instrmnmt
1312 486 1330 511 ι)
1356 493 1464 522 anges,
1487 483 1600 520 Belgiee

88 542 114 571 T
113 540 261 579 rogtoestel
278 539 355 576 (2).
1403 538 1406 542 '

128 582 332 628 Amplissimos
357 588 513 618 Offerhaus
535 598 652 626 quoque
675 597 790 626 operam
815 588 893 617 dedit
912 589 948 617 ad
967 589 1053 625 pilam
1079 587 1240 617 Voltaicam
1271 587 1492 622 emendanti-anu
1516 596 1601 623 appa-

65 639 68 642 ’
89 651 181 673 tatum
208 640 334 670 confecit
356 647 534 669 constantem
557 649 592 669 ex
611 640 722 669 duabus
747 640 881 675 laminis,
906 649 1025 676 quarum
1051 641 1137 669 altera
1161 646 1205 668 est
1225 648 1350 675 cuprea,
1373 640 1459 667 altera
1480 638 1600 673 zhmea,

92 703 163 732 quae
180 692 386 729 longitudinem
406 691 510 720 habent
527 692 670 727 sedecim,
694 692 870 721 latitudinem
890 693 975 721 trium
990 694 1036 722 vel
1053 693 1179 729 plurium
1195 692 1310 729 pedum.
1355 692 1433 721 Inter
1452 691 1513 720 illas
1532 700 1602 726 pan-

76 756 158 778 .num
176 745 257 775 lintei
276 745 399 781 ejusdem
423 743 608 773 dimensionis
633 744 753 781 posuit3
776 751 833 773 tres
861 745 912 773 liae
934 744 1052 772 laminae
1074 744 1184 772 circum
1206 741 1368 779 cylindrum
1393 742 1518 779 ligneum
1539 742 1604 770 vol-

90 806 217 832 vuntur,
239 803 266 825 et
288 796 318 824 in
334 796 412 824 dolio
434 803 506 831 aqua
524 794 665 823 acidulata
681 795 800 831 impleto
821 794 1009 830 imponuntur
1031 794 1111 831 (3).
1151 793 1185 822 In
1207 793 1341 821 omnibus
1361 793 1440 821 hisce
1462 791 1602 828 apparati-

90 850 145 879 bus
165 846 388 877 communicatio
414 846 602 874 constituitur
621 855 677 882 ope
696 846 812 875 filorum
830 846 1061 880 conductorum,
1084 853 1118 872 ex
1140 844 1285 872 orichalco
1304 842 1508 873 constantium.

129 899 220 929 Multi
245 899 336 927 adhuc
365 903 433 925 sunt
457 904 607 933 apparatus
631 896 817 933 simpliores,
840 897 890 933 qui
914 897 1025 926 fluxum
1050 896 1117 925 dant
1137 895 1286 924 mobilem.
1327 896 1406 925 Inter
1425 895 1480 923 hos
1500 900 1544 923 est
1559 902 1605 922 re-

90 950 224 981 terendus
242 954 392 985 apparatus
420 947 469 976 Cl.
492 947 528 975 de
548 949 574 976 la
593 948 680 976 Rive.
721 949 846 978 Constat
866 956 900 977 ex
920 947 971 976 filo
993 955 1122 983 cupreo,
1143 952 1172 974 et
1199 955 1234 975 ex
1257 946 1307 974 filo
1333 945 1455 982 zincco,
1478 954 1550 981 quae
1569 945 1604 973 ad

89 1009 195 1032 certam
214 999 392 1029 altitudinem
410 999 646 1035 conjunguntur,
668 1005 696 1028 et
716 999 775 1028 fere
800 999 939 1027 circulum
964 997 1168 1032 constituunt3
1190 996 1383 1025 extremitates
1409 1004 1507 1024 eorum
1526 1002 1607 1024 tran·

89 1058 175 1082 seunt
198 1059 248 1087 per
274 1050 505 1078 obturamentum
524 1049 700 1085 subureum,
722 1051 805 1088 cujus
824 1059 880 1086 ope
895 1057 983 1085 aquae
1000 1048 1177 1084 acidulatae,
1198 1046 1228 1075 in
1253 1055 1320 1076 vase
1342 1046 1463 1082 quodam
1485 1053 1606 1075 conten-

90 1110 135 1133 tae
146 1123 157 1139 ‚
177 1103 284 1131 innatat
304 1101 389 1137 (4).
429 1101 518 1129 Doct.
541 1100 662 1130 Babinet
677 1108 844 1138 apparatum
861 1101 988 1138 paullum
1005 1099 1039 1128 ab
1056 1100 1112 1128 hoc
1129 1098 1275 1128 diversum
1294 1097 1423 1127 confecit
1442 1102 1485 1135 (5
1496 1098 1525 1134 ).

127 1152 312 1184 Dediversis
331 1152 434 1180 horum
452 1158 639 1188 apparatuum
658 1153 927 1183 constructionibus
945 1151 1095 1180 videantur
1118 1149 1205 1186 Biot,
1227 1156 1271 1188 op.
1292 1149 1313 1179 l.
1344 1155 1417 1178 tom.
1438 1151 1476 1180 Π.
1503 1149 1556 1180 lib.
1575 1159 1601 1186 3.

88 1213 153 1242 cap.
177 1213 231 1241 143
254 1210 282 1232 et
299 1202 406 1239 Libes,
426 1209 467 1241 op.
491 1203 514 1231 l.
535 1202 565 1232 in
583 1203 705 1233 vocibus
721 1204 866 1234 Couronne
884 1205 905 1232 ὰ
924 1203 1019 1232 Tastes
1038 1208 1068 1231 et
1085 1201 1149 1230 Pila
1168 1201 1344 1239 Electriquc.

127 1253 223 1285 Aliam
238 1254 342 1282 horum
357 1259 544 1289 apparatuum
561 1254 686 1289 speciem
702 1254 813 1285 invenit
832 1257 920 1286 Doct.
939 1254 1056 1289 Ritter,
1077 1252 1184 1290 quibus
1201 1260 1308 1282 nornen
1324 1250 1403 1280 dedit
1417 1251 1548 1290 pilarum
1565 1260 1605 1280 sc-

89 1303 319 1338 cundaru'arzzm,
339 1303 453 1333 Gallice
462 1304 536 1342 pile-5
550 1303 746 1341 sescondatres,
768 1315 841 1343 quae
855 1305 1083 1336 Electricitatem
1097 1312 1158 1333 non
1178 1303 1208 1332 in
1227 1311 1258 1331 se
1272 1303 1351 1339 ipsae
1361 1301 1513 1332 continent
1524 1323 1536 1337 ,
1555 1310 1606 1331 ve-

88 1363 154 1385 tum
170 1354 218 1384 illa
234 1353 269 1382 ab
293 1352 346 1382 alia
369 1353 427 1390 pila
449 1353 606 1390 accipiunt.
632 1355 776 1386 Constant
786 1367 821 1387 ex
841 1358 929 1388 discis
949 1357 1035 1386 unius
1051 1356 1158 1386 metalli
1175 1363 1204 1385 et
1220 1356 1352 1392 chartae,
1379 1356 1440 1385 sive
1456 1357 1531 1385 alius
1548 1364 1607 1384 ma·

90 1405 176 1435 teriae
197 1413 258 1433 non
281 1404 486 1440 conducentis,
509 1414 582 1440 aqua
598 1413 779 1444 permeatae,
801 1408 840 1438 ita
857 1415 891 1437 ut
908 1408 934 1437 si
955 1407 1021 1436 talis
1039 1407 1099 1444 pila
1118 1407 1317 1437 Electricltate
1343 1407 1381 1437 sit
1396 1407 1522 1442 donata,
1545 1413 1607 1435 tan-

90 1463 152 1485 tum
168 1462 236 1492 post
258 1460 366 1482 cei-turn
387 1453 526 1490 temporis
554 1454 677 1491 spatium
695 1456 771 1486 illam
791 1458 909 1488 amittit:
936 1466 1024 1495 quum
1044 1464 1138 1487 autem
1161 1458 1200 1487 sit
1219 1464 1354 1495 onerata,
1377 1458 1472 1487 eadem
1489 1457 1607 1494 praebet

91 1507 307 1545 phaenomena,
328 1512 359 1534 ac
379 1505 437 1542 pila
451 1504 591 1534 ordinaria
611 1506 692 1544 (6).

419 1584 447 1620 5.
470 1590 499 1619 3.
539 1581 586 1611 De
614 1582 702 1613 modis
720 1584 825 1624 agendi
844 1594 1003 1626 apparatus
1022 1587 1276 1617 Electra-motoris.

132 1659 288 1688 Videamus
317 1667 396 1687 nune
431 1667 489 1695 quo
519 1661 606 1689 modo
633 1660 664 1690 in
689 1661 769 1692 hisce
799 1664 982 1701 apparatibus
1007 1665 1103 1694 fluxus
1135 1663 1300 1694 Electricus
1324 1663 1523 1695 constituitur.
1564 1662 1609 1692 Sit

97 1711 169 1748 (fig·
194 1711 247 1748 L)
269 1711 298 1739 H
318 1712 415 1739 alveus
437 1710 608 1749 (Apparcil
617 1713 637 1739 ἁ
652 1715 786 1751 auges),
807 1715 838 1743 in
858 1725 916 1751 quo
934 1715 1119 1746 inveniuntur
1142 1722 1210 1744 octo
1228 1716 1399 1752 intervalla,
1419 1724 1493 1751 aqua
1513 1714 1609 1742 acidu-

99 1763 156 1791 lata
172 1761 296 1797 impleta.
328 1761 372 1791 Sit
387 1762 472 1797 polus
489 1770 616 1798 cupreus
633 1762 662 1792 in
680 1764 781 1793 lamina
796 1766 822 1794 C
841 1773 868 1794 et
886 1768 974 1802 polus
993 1766 1109 1796 zinceus
1127 1766 1158 1795 in
1175 1766 1276 1796 lamina
1298 1767 1342 1803 Z3
1365 1766 1390 1795 si
1403 1766 1446 1794 illi
1461 1766 1522 1802 poli
1539 1774 1610 1794 con-

96 1813 254 1850 jungantur
277 1811 327 1841 filo
350 1812 530 1842 conductore
557 1813 582 1842 Z
597 1812 622 1843 E
639 1814 661 1843 F
675 1813 723 1850 C,
744 1814 901 1853 circuitus,
922 1823 951 1846 et
969 1817 1037 1847 hinc
1056 1816 1137 1846 etiam
1156 1817 1251 1847 fluxus
1269 1817 1322 1846 erit
1339 1817 1536 1852 constitutus;
1556 1815 1612 1843 flu-

1554 1874 1608 1895 xus

136 1941 203 1978 (2)
228 1943 292 1972 vid.
317 1944 396 1976 Bias,
413 1952 452 1979 op.
468 1948 487 1974 l.
512 1946 590 1974 Tom.
610 1946 645 1974 11.
667 1948 715 1975 lib.
728 1955 754 1982 3.
777 1954 836 1982 cap.
853 1955 894 1981 15.
916 1957 975 1983 pag.
988 1951 1049 1983 482.
1083 1949 1196 1977 Annales
1212 1955 1261 1976 etc.
1285 1948 1363 1976 Tom.
1380 1950 1452 1976 XIV.
1475 1954 1534 1981 pag.
1550 1954 1611 1980 419·

132 1990 150 2023 ς
162 1998 177 2023 3
189 1992 205 2022 )
229 1991 275 2016 ef.
297 1991 358 2023 Alg.
376 1992 471 2017 Konst·
486 2001 515 2018 en
532 1994 718 2022 Letter-bode.
738 1996 811 2023 1821.
835 1997 891 2024 No,
908 2004 949 2022 22.
982 1998 1094 2023 Annales
1111 2002 1162 2024 etc.
1186 1997 1263 2024 Tom.
1282 1997 1322 2023 18.
1346 2003 1407 2030 pag.
1419 2002 1478 2028 315.
1496 2001 1554 2027 seq.

134 2036 196 2071 (4)
221 2037 268 2064 Cf.
289 2037 387 2070 Expose
406 2044 453 2066 etc.
481 2040 507 2073 §-
520 2041 561 2074 67.
873 2041 938 2077 (5)
963 2043 1024 2071 Vid.
1040 2044 1138 2077 Expose'
1154 2048 1205 2072 etc.
1228 2041 1254 2075 §-
1268 2049 1312 2075 53.

132 2083 201 2120 (6)
219 2082 281 2111 vid.
301 2083 378 2114 Biot,
397 2090 435 2118 op.
448 2086 467 2111 l.
492 2086 570 2114 Tem.
585 2086 623 2114 11.
645 2088 692 2115 lib.
709 2095 736 2121 3.
759 2096 820 2123 cap.
841 2096 880 2122 19.
915 2091 988 2117 Liber
1003 2091 1030 2117 in
1046 2096 1117 2117 voce
1130 2091 1183 2124 pile
1198 2090 1350 2116 se‘condaire.
