<?xml version="1.0" encoding="UTF-8"?>
<!DOCTYPE html PUBLIC "-//W3C//DTD XHTML 1.0 Transitional//EN"
    "http://www.w3.org/TR/xhtml1/DTD/xhtml1-transitional.dtd">
<html xmlns="http://www.w3.org/1999/xhtml" xml:lang="en" lang="en">
 <head>
  <title>
</title>
<meta http-equiv="Content-Type" content="text/html;charset=utf-8" />
  <meta name='ocr-system' content='tesseract 3.04.00' />
  <meta name='ocr-capabilities' content='ocr_page ocr_carea ocr_par ocr_line ocrx_word'/>
</head>
<body>
  <div class='ocr_page' id='page_1' title='image "annalesacademiae22rijk_0356.png"; bbox 0 0 1930 2448; ppageno 0'>
   <div class='ocr_carea' id='block_1_1' title="bbox 310 107 1504 144">
    <p class='ocr_par' dir='ltr' id='par_1_1' title="bbox 310 107 1504 144">
     <span class='ocr_line' id='line_1_1' title="bbox 310 107 1504 144; baseline 0.002 -2"><span class='ocrx_word' id='word_1_1' title='bbox 310 118 350 144; x_wconf 76' lang='lat'>22</span> <span class='ocrx_word' id='word_1_2' title='bbox 651 107 1504 144; x_wconf 67' lang='lat' dir='ltr'>TACONISROORDA</span> 
     </span>
    </p>
   </div>
   <div class='ocr_carea' id='block_1_2' title="bbox 270 191 1817 1897">
    <p class='ocr_par' dir='ltr' id='par_1_2' title="bbox 307 191 1817 441">
     <span class='ocr_line' id='line_1_2' title="bbox 312 191 1817 234; baseline 0.004 -10"><span class='ocrx_word' id='word_1_3' title='bbox 312 193 420 224; x_wconf 76' lang='lat' dir='ltr'>dicitis.</span> <span class='ocrx_word' id='word_1_4' title='bbox 463 195 504 224; x_wconf 73' lang='lat' dir='ltr'>fta</span> <span class='ocrx_word' id='word_1_5' title='bbox 527 201 587 224; x_wconf 83' lang='lat' dir='ltr'>est:</span> <span class='ocrx_word' id='word_1_6' title='bbox 610 196 660 224; x_wconf 79' lang='lat' dir='ltr'>sed</span> <span class='ocrx_word' id='word_1_7' title='bbox 676 195 722 224; x_wconf 84' lang='lat' dir='ltr'>-sic</span> <span class='ocrx_word' id='word_1_8' title='bbox 743 194 864 230; x_wconf 84' lang='lat' dir='ltr'>accidit,</span> <span class='ocrx_word' id='word_1_9' title='bbox 884 193 953 230; x_wconf 88' lang='lat' dir='ltr'>quia</span> <span class='ocrx_word' id='word_1_10' title='bbox 973 200 1076 222; x_wconf 86' lang='lat' dir='ltr'>sensus</span> <span class='ocrx_word' id='word_1_11' title='bbox 1097 191 1182 222; x_wconf 82' lang='lat' dir='ltr'>ferire</span> <span class='ocrx_word' id='word_1_12' title='bbox 1196 202 1262 224; x_wconf 78' lang='lat' dir='ltr'>uon</span> <span class='ocrx_word' id='word_1_13' title='bbox 1282 203 1424 234; x_wconf 74' lang='lat' dir='ltr'>possuntt,</span> <span class='ocrx_word' id='word_1_14' title='bbox 1454 197 1591 234; x_wconf 85' lang='lat' dir='ltr'>quocirca</span> <span class='ocrx_word' id='word_1_15' title='bbox 1618 207 1652 228; x_wconf 81' lang='lat' dir='ltr'>ex</span> <span class='ocrx_word' id='word_1_16' title='bbox 1677 199 1817 230; x_wconf 88' lang='lat' dir='ltr'>adiunctis</span> 
     </span>
     <span class='ocr_line' id='line_1_3' title="bbox 310 244 1817 288; baseline 0.007 -19"><span class='ocrx_word' id='word_1_17' title='bbox 310 253 342 274; x_wconf 72' lang='lat' dir='ltr'>et</span> <span class='ocrx_word' id='word_1_18' title='bbox 369 246 518 276; x_wconf 62' lang='lat' dir='ltr'>evcmibus</span> <span class='ocrx_word' id='word_1_19' title='bbox 546 256 592 276; x_wconf 69' lang='lat' dir='ltr'>eas</span> <span class='ocrx_word' id='word_1_20' title='bbox 621 257 703 283; x_wconf 69' lang='lat' dir='ltr'>csse,</span> <span class='ocrx_word' id='word_1_21' title='bbox 734 247 911 284; x_wconf 67' lang='lat' dir='ltr'>colligimus.</span> <span class='ocrx_word' id='word_1_22' title='bbox 965 246 1059 282; x_wconf 83' lang='lat' dir='ltr'>Quare</span> <span class='ocrx_word' id='word_1_23' title='bbox 1083 244 1233 274; x_wconf 79' lang='lat' dir='ltr'>statuimus</span> <span class='ocrx_word' id='word_1_24' title='bbox 1265 246 1294 275; x_wconf 89' lang='lat' dir='ltr'>in</span> <span class='ocrx_word' id='word_1_25' title='bbox 1320 250 1421 277; x_wconf 75' lang='lat' dir='ltr'>natura</span> <span class='ocrx_word' id='word_1_26' title='bbox 1454 248 1510 277; x_wconf 78' lang='lat' dir='ltr'>vim</span> <span class='ocrx_word' id='word_1_27' title='bbox 1539 258 1601 278; x_wconf 90' lang='lat' dir='ltr'>esse</span> <span class='ocrx_word' id='word_1_28' title='bbox 1635 251 1817 288; x_wconf 86' lang='lat' dir='ltr'>electricam,</span> 
     </span>
     <span class='ocr_line' id='line_1_4' title="bbox 312 296 1815 339; baseline 0.004 -15"><span class='ocrx_word' id='word_1_29' title='bbox 312 296 543 334; x_wconf 68' lang='lat' dir='ltr'>gau-animmque</span> <span class='ocrx_word' id='word_1_30' title='bbox 557 299 571 328; x_wconf 79' lang='lat'>⁴?</span> <span class='ocrx_word' id='word_1_31' title='bbox 601 308 698 329; x_wconf 89' lang='lat' dir='ltr'>nonne</span> <span class='ocrx_word' id='word_1_32' title='bbox 720 299 786 335; x_wconf 87' lang='lat' dir='ltr'>quia</span> <span class='ocrx_word' id='word_1_33' title='bbox 809 308 842 327; x_wconf 90' lang='lat' dir='ltr'>ex</span> <span class='ocrx_word' id='word_1_34' title='bbox 859 297 1032 332; x_wconf 70' lang='lat' dir='ltr'><strong>eventibus,</strong></span> <span class='ocrx_word' id='word_1_35' title='bbox 1056 297 1105 332; x_wconf 85' lang='lat' dir='ltr'>qui</span> <span class='ocrx_word' id='word_1_36' title='bbox 1129 296 1236 327; x_wconf 85' lang='lat' dir='ltr'>feriunt</span> <span class='ocrx_word' id='word_1_37' title='bbox 1262 307 1386 336; x_wconf 84' lang='lat' dir='ltr'>sensus,</span> <span class='ocrx_word' id='word_1_38' title='bbox 1407 301 1609 331; x_wconf 82' lang='lat' dir='ltr'>ratiocinamur</span> <span class='ocrx_word' id='word_1_39' title='bbox 1632 309 1660 331; x_wconf 89' lang='lat' dir='ltr'>et</span> <span class='ocrx_word' id='word_1_40' title='bbox 1685 302 1815 339; x_wconf 83' lang='lat' dir='ltr'>cogimus</span> 
     </span>
     <span class='ocr_line' id='line_1_5' title="bbox 310 348 1814 389; baseline 0.005 -15"><span class='ocrx_word' id='word_1_41' title='bbox 310 355 374 375; x_wconf 87' lang='lat' dir='ltr'>esse</span> <span class='ocrx_word' id='word_1_42' title='bbox 399 348 478 384; x_wconf 88' lang='lat' dir='ltr'>vim,</span> <span class='ocrx_word' id='word_1_43' title='bbox 502 358 575 384; x_wconf 82' lang='lat' dir='ltr'>quae</span> <span class='ocrx_word' id='word_1_44' title='bbox 596 359 693 379; x_wconf 84' lang='lat' dir='ltr'>eorum</span> <span class='ocrx_word' id='word_1_45' title='bbox 720 350 758 379; x_wconf 76' lang='lat' dir='ltr'>sit</span> <span class='ocrx_word' id='word_1_46' title='bbox 782 350 907 379; x_wconf 76' lang='lat' dir='ltr'>caussa?</span> <span class='ocrx_word' id='word_1_47' title='bbox 947 348 990 378; x_wconf 84' lang='lat' dir='ltr'>Ita</span> <span class='ocrx_word' id='word_1_48' title='bbox 1012 356 1047 376; x_wconf 82' lang='lat' dir='ltr'>ex</span> <span class='ocrx_word' id='word_1_49' title='bbox 1070 348 1170 377; x_wconf 84' lang='lat' dir='ltr'>ordine</span> <span class='ocrx_word' id='word_1_50' title='bbox 1193 350 1291 379; x_wconf 87' lang='lat' dir='ltr'>mundi</span> <span class='ocrx_word' id='word_1_51' title='bbox 1313 351 1455 388; x_wconf 84' lang='lat' dir='ltr'>sapienter</span> <span class='ocrx_word' id='word_1_52' title='bbox 1475 353 1560 389; x_wconf 83' lang='lat' dir='ltr'>nexi,</span> <span class='ocrx_word' id='word_1_53' title='bbox 1583 353 1633 389; x_wconf 85' lang='lat' dir='ltr'>qui</span> <span class='ocrx_word' id='word_1_54' title='bbox 1654 354 1689 382; x_wconf 89' lang='lat' dir='ltr'>ad</span> <span class='ocrx_word' id='word_1_55' title='bbox 1712 362 1814 383; x_wconf 78' lang='lat' dir='ltr'>sensus</span> 
     </span>
     <span class='ocr_line' id='line_1_6' title="bbox 307 399 1668 441; baseline 0.007 -16"><span class='ocrx_word' id='word_1_56' title='bbox 307 405 390 426; x_wconf 84' lang='lat' dir='ltr'>meos</span> <span class='ocrx_word' id='word_1_57' title='bbox 412 399 511 435; x_wconf 78' lang='lat' dir='ltr'>venit,</span> <span class='ocrx_word' id='word_1_58' title='bbox 533 409 610 438; x_wconf 89' lang='lat' dir='ltr'>cogo</span> <span class='ocrx_word' id='word_1_59' title='bbox 625 410 691 431; x_wconf 73' lang='lat' dir='ltr'>vesse</span> <span class='ocrx_word' id='word_1_60' title='bbox 715 410 842 431; x_wconf 85' lang='lat' dir='ltr'>caussam</span> <span class='ocrx_word' id='word_1_61' title='bbox 865 400 1041 437; x_wconf 72' lang='lat' dir='ltr'>sapientem,</span> <span class='ocrx_word' id='word_1_62' title='bbox 1064 409 1136 436; x_wconf 89' lang='lat' dir='ltr'>quae</span> <span class='ocrx_word' id='word_1_63' title='bbox 1162 401 1200 430; x_wconf 76' lang='lat' dir='ltr'>ita</span> <span class='ocrx_word' id='word_1_64' title='bbox 1224 403 1360 432; x_wconf 75' lang='lat' dir='ltr'>mundum</span> <span class='ocrx_word' id='word_1_65' title='bbox 1383 404 1568 434; x_wconf 88' lang='lat' dir='ltr'>constituerit</span> <span class='ocrx_word' id='word_1_66' title='bbox 1587 405 1668 441; x_wconf 82' lang='lat' dir='ltr'>(x).</span> 
     </span>
    </p>

    <p class='ocr_par' dir='ltr' id='par_1_3' title="bbox 290 452 1814 900">
     <span class='ocr_line' id='line_1_7' title="bbox 346 452 1811 493; baseline 0.002 -12"><span class='ocrx_word' id='word_1_67' title='bbox 346 452 460 482; x_wconf 87' lang='lat' dir='ltr'>Deinde</span> <span class='ocrx_word' id='word_1_68' title='bbox 488 461 543 482; x_wconf 90' lang='lat' dir='ltr'>nos</span> <span class='ocrx_word' id='word_1_69' title='bbox 568 453 648 483; x_wconf 91' lang='lat' dir='ltr'>iubet</span> <span class='ocrx_word' id='word_1_70' title='bbox 673 454 815 489; x_wconf 86' lang='lat' dir='ltr'>Kantius,</span> <span class='ocrx_word' id='word_1_71' title='bbox 837 452 986 481; x_wconf 83' lang='lat' dir='ltr'>veritatem</span> <span class='ocrx_word' id='word_1_72' title='bbox 1012 460 1109 481; x_wconf 83' lang='lat' dir='ltr'>earum</span> <span class='ocrx_word' id='word_1_73' title='bbox 1132 462 1248 490; x_wconf 82' lang='lat' dir='ltr'>rerum,</span> <span class='ocrx_word' id='word_1_74' title='bbox 1278 463 1347 490; x_wconf 88' lang='lat' dir='ltr'>quas</span> <span class='ocrx_word' id='word_1_75' title='bbox 1372 454 1444 484; x_wconf 84' lang='lat' dir='ltr'>ratio</span> <span class='ocrx_word' id='word_1_76' title='bbox 1476 464 1530 485; x_wconf 85' lang='lat' dir='ltr'>nos</span> <span class='ocrx_word' id='word_1_77' title='bbox 1560 456 1662 484; x_wconf 88' lang='lat' dir='ltr'>docere</span> <span class='ocrx_word' id='word_1_78' title='bbox 1689 455 1811 493; x_wconf 71' lang='lat' dir='ltr'>nequit,</span> 
     </span>
     <span class='ocr_line' id='line_1_8' title="bbox 300 504 1811 545; baseline 0.004 -13"><span class='ocrx_word' id='word_1_79' title='bbox 300 504 442 539; x_wconf 76' lang='lat' dir='ltr'>credere,</span> <span class='ocrx_word' id='word_1_80' title='bbox 466 505 602 540; x_wconf 84' lang='lat' dir='ltr'>quoniam</span> <span class='ocrx_word' id='word_1_81' title='bbox 627 514 673 534; x_wconf 83' lang='lat' dir='ltr'>eas</span> <span class='ocrx_word' id='word_1_82' title='bbox 696 505 828 540; x_wconf 85' lang='lat' dir='ltr'>credere,</span> <span class='ocrx_word' id='word_1_83' title='bbox 850 504 921 532; x_wconf 83' lang='lat' dir='ltr'>ratio</span> <span class='ocrx_word' id='word_1_84' title='bbox 947 505 1075 540; x_wconf 79' lang='lat' dir='ltr'>postulat</span> <span class='ocrx_word' id='word_1_85' title='bbox 1101 505 1245 540; x_wconf 74' lang='lat' dir='ltr'>practica,</span> <span class='ocrx_word' id='word_1_86' title='bbox 1272 512 1301 535; x_wconf 87' lang='lat' dir='ltr'>et:</span> <span class='ocrx_word' id='word_1_87' title='bbox 1324 505 1437 535; x_wconf 81' lang='lat' dir='ltr'>maximi</span> <span class='ocrx_word' id='word_1_88' title='bbox 1464 514 1508 536; x_wconf 85' lang='lat' dir='ltr'>est</span> <span class='ocrx_word' id='word_1_89' title='bbox 1539 508 1690 537; x_wconf 83' lang='lat' dir='ltr'>momenti.</span> <span class='ocrx_word' id='word_1_90' title='bbox 1721 516 1811 545; x_wconf 84' lang='lat' dir='ltr'>prop·</span> 
     </span>
     <span class='ocr_line' id='line_1_9' title="bbox 305 556 1810 594; baseline 0.003 -10"><span class='ocrx_word' id='word_1_91' title='bbox 305 562 380 584; x_wconf 75' lang='lat' dir='ltr'>terea</span> <span class='ocrx_word' id='word_1_92' title='bbox 413 557 605 593; x_wconf 83' lang='lat' dir='ltr'>credendum,</span> <span class='ocrx_word' id='word_1_93' title='bbox 637 566 700 586; x_wconf 84' lang='lat' dir='ltr'>esse</span> <span class='ocrx_word' id='word_1_94' title='bbox 732 558 849 592; x_wconf 86' lang='lat' dir='ltr'>Deum,</span> <span class='ocrx_word' id='word_1_95' title='bbox 881 564 934 586; x_wconf 82' lang='lat' dir='ltr'>nos</span> <span class='ocrx_word' id='word_1_96' title='bbox 970 564 1033 585; x_wconf 89' lang='lat' dir='ltr'>esse</span> <span class='ocrx_word' id='word_1_97' title='bbox 1063 556 1173 586; x_wconf 70' lang='lat' dir='ltr'>‘liberos</span> <span class='ocrx_word' id='word_1_98' title='bbox 1208 557 1352 594; x_wconf 86' lang='lat' dir='ltr'>arbitrio,</span> <span class='ocrx_word' id='word_1_99' title='bbox 1381 558 1492 587; x_wconf 86' lang='lat' dir='ltr'>animos</span> <span class='ocrx_word' id='word_1_100' title='bbox 1527 567 1589 588; x_wconf 86' lang='lat' dir='ltr'>esse</span> <span class='ocrx_word' id='word_1_101' title='bbox 1623 559 1810 589; x_wconf 78' lang='lat' dir='ltr'>immortales.</span> 
     </span>
     <span class='ocr_line' id='line_1_10' title="bbox 300 604 1814 646; baseline 0.001 -10"><span class='ocrx_word' id='word_1_102' title='bbox 300 604 364 635; x_wconf 87' lang='lat' dir='ltr'>&#39;Sed</span> <span class='ocrx_word' id='word_1_103' title='bbox 390 608 442 636; x_wconf 89' lang='lat' dir='ltr'>hac</span> <span class='ocrx_word' id='word_1_104' title='bbox 465 608 495 637; x_wconf 82' lang='lat' dir='ltr'>in</span> <span class='ocrx_word' id='word_1_105' title='bbox 523 617 553 636; x_wconf 80' lang='lat' dir='ltr'>re</span> <span class='ocrx_word' id='word_1_106' title='bbox 573 608 700 637; x_wconf 87' lang='lat' dir='ltr'>&#39;Kantius</span> <span class='ocrx_word' id='word_1_107' title='bbox 725 609 796 637; x_wconf 84' lang='lat' dir='ltr'>mihi</span> <span class='ocrx_word' id='word_1_108' title='bbox 821 617 932 644; x_wconf 81' lang='lat' dir='ltr'>semper</span> <span class='ocrx_word' id='word_1_109' title='bbox 954 607 1056 637; x_wconf 84' lang='lat' dir='ltr'>similis</span> <span class='ocrx_word' id='word_1_110' title='bbox 1079 616 1124 638; x_wconf 86' lang='lat' dir='ltr'>est</span> <span class='ocrx_word' id='word_1_111' title='bbox 1150 609 1230 638; x_wconf 87' lang='lat' dir='ltr'>visus</span> <span class='ocrx_word' id='word_1_112' title='bbox 1253 609 1300 646; x_wconf 87' lang='lat' dir='ltr'>ei,</span> <span class='ocrx_word' id='word_1_113' title='bbox 1321 610 1372 646; x_wconf 90' lang='lat' dir='ltr'>qui</span> <span class='ocrx_word' id='word_1_114' title='bbox 1395 610 1511 640; x_wconf 88' lang='lat' dir='ltr'>homine</span> <span class='ocrx_word' id='word_1_115' title='bbox 1537 611 1697 640; x_wconf 87' lang='lat' dir='ltr'>miserrimo</span> <span class='ocrx_word' id='word_1_116' title='bbox 1718 611 1814 640; x_wconf 80' lang='lat' dir='ltr'>reddi.</span> 
     </span>
     <span class='ocr_line' id='line_1_11' title="bbox 300 659 1810 698; baseline 0.002 -11"><span class='ocrx_word' id='word_1_117' title='bbox 300 665 334 687; x_wconf 82' lang='lat' dir='ltr'>to</span> <span class='ocrx_word' id='word_1_118' title='bbox 346 679 356 694; x_wconf 81' lang='lat'>,</span> <span class='ocrx_word' id='word_1_119' title='bbox 378 668 442 687; x_wconf 85' lang='lat' dir='ltr'>eum</span> <span class='ocrx_word' id='word_1_120' title='bbox 464 660 543 689; x_wconf 83' lang='lat' dir='ltr'>bono</span> <span class='ocrx_word' id='word_1_121' title='bbox 559 660 654 690; x_wconf 84' lang='lat' dir='ltr'>animo</span> <span class='ocrx_word' id='word_1_122' title='bbox 678 669 741 690; x_wconf 88' lang='lat' dir='ltr'>esse</span> <span class='ocrx_word' id='word_1_123' title='bbox 759 660 871 696; x_wconf 73' lang='lat' dir='ltr'>iubeat,</span> <span class='ocrx_word' id='word_1_124' title='bbox 889 666 922 688; x_wconf 64' lang='lat' dir='ltr'>&gt;et</span> <span class='ocrx_word' id='word_1_125' title='bbox 945 659 1038 696; x_wconf 82' lang='lat' dir='ltr'>dicat,</span> <span class='ocrx_word' id='word_1_126' title='bbox 1054 661 1176 697; x_wconf 77' lang='lat' dir='ltr'>Crede,</span> <span class='ocrx_word' id='word_1_127' title='bbox 1194 667 1225 689; x_wconf 87' lang='lat' dir='ltr'>te</span> <span class='ocrx_word' id='word_1_128' title='bbox 1244 669 1306 689; x_wconf 89' lang='lat' dir='ltr'>esse</span> <span class='ocrx_word' id='word_1_129' title='bbox 1323 660 1456 696; x_wconf 81' lang='lat' dir='ltr'>felicem,</span> <span class='ocrx_word' id='word_1_130' title='bbox 1476 661 1591 698; x_wconf 81' lang='lat' dir='ltr'>erisque</span> <span class='ocrx_word' id='word_1_131' title='bbox 1612 662 1692 692; x_wconf 73' lang='lat' dir='ltr'>felix.</span> <span class='ocrx_word' id='word_1_132' title='bbox 1734 662 1810 691; x_wconf 87' lang='lat' dir='ltr'>Fieri</span> 
     </span>
     <span class='ocr_line' id='line_1_12' title="bbox 302 710 1809 750; baseline 0.003 -12"><span class='ocrx_word' id='word_1_133' title='bbox 302 716 422 746; x_wconf 49' lang='lat' dir='ltr'>poten,</span> <span class='ocrx_word' id='word_1_134' title='bbox 439 718 478 739; x_wconf 87' lang='lat' dir='ltr'>-ut</span> <span class='ocrx_word' id='word_1_135' title='bbox 502 710 582 740; x_wconf 74' lang='lat' dir='ltr'>fallar</span> <span class='ocrx_word' id='word_1_136' title='bbox 597 733 607 747; x_wconf 84' lang='lat'>,</span> <span class='ocrx_word' id='word_1_137' title='bbox 630 713 680 741; x_wconf 86' lang='lat' dir='ltr'>sed</span> <span class='ocrx_word' id='word_1_138' title='bbox 701 713 808 741; x_wconf 82' lang='lat' dir='ltr'>nullam</span> <span class='ocrx_word' id='word_1_139' title='bbox 825 711 916 740; x_wconf 73' lang='lat' dir='ltr'>-video</span> <span class='ocrx_word' id='word_1_140' title='bbox 943 712 1142 742; x_wconf 77' lang='lat' dir='ltr'>necessitatem</span> <span class='ocrx_word' id='word_1_141' title='bbox 1172 712 1201 741; x_wconf 88' lang='lat' dir='ltr'>id</span> <span class='ocrx_word' id='word_1_142' title='bbox 1224 721 1322 741; x_wconf 88' lang='lat' dir='ltr'>verum</span> <span class='ocrx_word' id='word_1_143' title='bbox 1348 712 1470 742; x_wconf 86' lang='lat' dir='ltr'>habendi</span> <span class='ocrx_word' id='word_1_144' title='bbox 1486 720 1522 742; x_wconf 91' lang='lat' dir='ltr'>·et</span> <span class='ocrx_word' id='word_1_145' title='bbox 1546 713 1699 748; x_wconf 85' lang='lat' dir='ltr'>credendi,</span> <span class='ocrx_word' id='word_1_146' title='bbox 1730 713 1809 750; x_wconf 83' lang='lat' dir='ltr'>quod</span> 
     </span>
     <span class='ocr_line' id='line_1_13' title="bbox 294 762 1809 799; baseline 0.003 -10"><span class='ocrx_word' id='word_1_147' title='bbox 294 764 360 790; x_wconf 83' lang='lat' dir='ltr'>&#39;non</span> <span class='ocrx_word' id='word_1_148' title='bbox 386 762 440 790; x_wconf 88' lang='lat' dir='ltr'>sim</span> <span class='ocrx_word' id='word_1_149' title='bbox 465 770 619 798; x_wconf 81' lang='lat' dir='ltr'>persuasus</span> <span class='ocrx_word' id='word_1_150' title='bbox 647 771 709 791; x_wconf 81' lang='lat' dir='ltr'>esse</span> <span class='ocrx_word' id='word_1_151' title='bbox 733 771 855 798; x_wconf 66' lang='lat' dir='ltr'>verum,</span> <span class='ocrx_word' id='word_1_152' title='bbox 878 762 950 791; x_wconf 88' lang='lat' dir='ltr'>hanc</span> <span class='ocrx_word' id='word_1_153' title='bbox 976 769 1062 792; x_wconf 85' lang='lat' dir='ltr'>unam</span> <span class='ocrx_word' id='word_1_154' title='bbox 1088 764 1125 792; x_wconf 90' lang='lat' dir='ltr'>ob</span> <span class='ocrx_word' id='word_1_155' title='bbox 1149 763 1310 799; x_wconf 75' lang='lat' dir='ltr'>rationem,</span> <span class='ocrx_word' id='word_1_156' title='bbox 1340 763 1407 799; x_wconf 91' lang='lat' dir='ltr'>quia</span> <span class='ocrx_word' id='word_1_157' title='bbox 1427 763 1541 792; x_wconf 79' lang='lat' dir='ltr'>credere</span> <span class='ocrx_word' id='word_1_158' title='bbox 1564 764 1634 792; x_wconf 83' lang='lat' dir='ltr'>utile</span> <span class='ocrx_word' id='word_1_159' title='bbox 1659 771 1714 794; x_wconf 81' lang='lat' dir='ltr'>est.</span> <span class='ocrx_word' id='word_1_160' title='bbox 1755 764 1809 793; x_wconf 86' lang='lat' dir='ltr'>Vi-</span> 
     </span>
     <span class='ocr_line' id='line_1_14' title="bbox 298 811 1808 852; baseline 0.004 -13"><span class='ocrx_word' id='word_1_161' title='bbox 298 811 392 840; x_wconf 79' lang='lat' dir='ltr'>derint</span> <span class='ocrx_word' id='word_1_162' title='bbox 422 812 491 849; x_wconf 80' lang='lat' dir='ltr'>alii,</span> <span class='ocrx_word' id='word_1_163' title='bbox 518 813 652 849; x_wconf 83' lang='lat' dir='ltr'>equidem</span> <span class='ocrx_word' id='word_1_164' title='bbox 670 823 737 843; x_wconf 67' lang='lat' dir='ltr'>non</span> <span class='ocrx_word' id='word_1_165' title='bbox 760 813 869 849; x_wconf 69' lang='lat' dir='ltr'>video,</span> <span class='ocrx_word' id='word_1_166' title='bbox 889 821 942 843; x_wconf 75' lang='lat' dir='ltr'>nec</span> <span class='ocrx_word' id='word_1_167' title='bbox 966 813 1101 843; x_wconf 82' lang='lat' dir='ltr'>viderunt</span> <span class='ocrx_word' id='word_1_168' title='bbox 1127 814 1297 851; x_wconf 77' lang='lat' dir='ltr'>philosophi</span> <span class='ocrx_word' id='word_1_169' title='bbox 1321 814 1561 852; x_wconf 78' lang='lat' dir='ltr'>perspicacissimi</span> <span class='ocrx_word' id='word_1_170' title='bbox 1585 815 1693 851; x_wconf 83' lang='lat' dir='ltr'>ingenii</span> <span class='ocrx_word' id='word_1_171' title='bbox 1716 815 1808 852; x_wconf 86' lang='lat' dir='ltr'>piuri-</span> 
     </span>
     <span class='ocr_line' id='line_1_15' title="bbox 290 861 440 900; baseline 0.013 -12"><span class='ocrx_word' id='word_1_172' title='bbox 290 861 334 889; x_wconf 68' lang='lat' dir='ltr'>‘mi</span> <span class='ocrx_word' id='word_1_173' title='bbox 356 862 440 900; x_wconf 79' lang='lat'><em>(2).</em></span> 
     </span>
    </p>

    <p class='ocr_par' dir='ltr' id='par_1_4' title="bbox 270 939 1805 1897">
     <span class='ocr_line' id='line_1_16' title="bbox 333 939 1805 980; baseline 0.004 -13"><span class='ocrx_word' id='word_1_174' title='bbox 333 939 434 975; x_wconf 84' lang='lat' dir='ltr'>-Atque</span> <span class='ocrx_word' id='word_1_175' title='bbox 460 940 500 969; x_wconf 88' lang='lat' dir='ltr'>ita</span> <span class='ocrx_word' id='word_1_176' title='bbox 523 941 648 977; x_wconf 74' lang='lat' dir='ltr'>primum</span> <span class='ocrx_word' id='word_1_177' title='bbox 674 942 787 978; x_wconf 85' lang='lat' dir='ltr'>quidem</span> <span class='ocrx_word' id='word_1_178' title='bbox 808 950 911 972; x_wconf 51' lang='lat' dir='ltr'>¹verum</span> <span class='ocrx_word' id='word_1_179' title='bbox 936 948 1000 977; x_wconf 85' lang='lat' dir='ltr'>est,</span> <span class='ocrx_word' id='word_1_180' title='bbox 1021 951 1082 972; x_wconf 89' lang='lat' dir='ltr'>non</span> <span class='ocrx_word' id='word_1_181' title='bbox 1102 951 1196 980; x_wconf 51' lang='lat' dir='ltr'>‘posse</span> <span class='ocrx_word' id='word_1_182' title='bbox 1221 942 1335 972; x_wconf 80' lang='lat' dir='ltr'>ostendi</span> <span class='ocrx_word' id='word_1_183' title='bbox 1358 941 1588 972; x_wconf 82' lang='lat' dir='ltr'>convenientiam</span> <span class='ocrx_word' id='word_1_184' title='bbox 1612 950 1706 972; x_wconf 82' lang='lat' dir='ltr'>rernm</span> <span class='ocrx_word' id='word_1_185' title='bbox 1740 950 1805 973; x_wconf 88' lang='lat' dir='ltr'>cum</span> 
     </span>
     <span class='ocr_line' id='line_1_17' title="bbox 294 991 1805 1031; baseline 0.003 -14"><span class='ocrx_word' id='word_1_186' title='bbox 294 998 390 1018; x_wconf 83' lang='lat' dir='ltr'>earum</span> <span class='ocrx_word' id='word_1_187' title='bbox 413 991 584 1021; x_wconf 87' lang='lat' dir='ltr'>notionibus</span> <span class='ocrx_word' id='word_1_188' title='bbox 611 994 657 1022; x_wconf 91' lang='lat' dir='ltr'>vel</span> <span class='ocrx_word' id='word_1_189' title='bbox 679 993 770 1023; x_wconf 87' lang='lat' dir='ltr'>ideis:</span> <span class='ocrx_word' id='word_1_190' title='bbox 793 994 865 1023; x_wconf 88' lang='lat' dir='ltr'>nihil</span> <span class='ocrx_word' id='word_1_191' title='bbox 880 993 952 1022; x_wconf 91' lang='lat' dir='ltr'>enim</span> <span class='ocrx_word' id='word_1_192' title='bbox 973 1002 1029 1022; x_wconf 87' lang='lat' dir='ltr'>nos</span> <span class='ocrx_word' id='word_1_193' title='bbox 1049 1003 1245 1031; x_wconf 83' lang='lat' dir='ltr'>cognoscere,</span> <span class='ocrx_word' id='word_1_194' title='bbox 1266 994 1322 1024; x_wconf 87' lang='lat' dir='ltr'>nisi</span> <span class='ocrx_word' id='word_1_195' title='bbox 1344 993 1530 1023; x_wconf 83' lang='lat' dir='ltr'>mutationem</span> <span class='ocrx_word' id='word_1_196' title='bbox 1547 1000 1663 1023; x_wconf 81' lang='lat' dir='ltr'>nostrae</span> <span class='ocrx_word' id='word_1_197' title='bbox 1681 993 1805 1030; x_wconf 86' lang='lat' dir='ltr'>mentis,</span> 
     </span>
     <span class='ocr_line' id='line_1_18' title="bbox 295 1039 1801 1083; baseline 0.005 -16"><span class='ocrx_word' id='word_1_198' title='bbox 295 1039 368 1068; x_wconf 87' lang='lat' dir='ltr'>nihil</span> <span class='ocrx_word' id='word_1_199' title='bbox 388 1041 444 1070; x_wconf 89' lang='lat' dir='ltr'>nisi</span> <span class='ocrx_word' id='word_1_200' title='bbox 465 1042 546 1079; x_wconf 91' lang='lat' dir='ltr'>visa;</span> <span class='ocrx_word' id='word_1_201' title='bbox 573 1043 650 1079; x_wconf 81' lang='lat' dir='ltr'>ipsas</span> <span class='ocrx_word' id='word_1_202' title='bbox 673 1053 717 1073; x_wconf 85' lang='lat' dir='ltr'>res</span> <span class='ocrx_word' id='word_1_203' title='bbox 742 1045 1004 1081; x_wconf 84' lang='lat' dir='ltr'>comprehendere,</span> <span class='ocrx_word' id='word_1_204' title='bbox 1031 1043 1140 1074; x_wconf 89' lang='lat' dir='ltr'>homini</span> <span class='ocrx_word' id='word_1_205' title='bbox 1160 1053 1220 1074; x_wconf 91' lang='lat' dir='ltr'>non</span> <span class='ocrx_word' id='word_1_206' title='bbox 1235 1053 1300 1073; x_wconf 86' lang='lat' dir='ltr'>esse</span> <span class='ocrx_word' id='word_1_207' title='bbox 1322 1053 1506 1075; x_wconf 83' lang='lat' dir='ltr'>concessum.</span> <span class='ocrx_word' id='word_1_208' title='bbox 1531 1045 1632 1074; x_wconf 80' lang='lat' dir='ltr'>deinde</span> <span class='ocrx_word' id='word_1_209' title='bbox 1648 1045 1801 1083; x_wconf 81' lang='lat' dir='ltr'>apparuit,</span> 
     </span>
     <span class='ocr_line' id='line_1_19' title="bbox 293 1091 1799 1134; baseline 0.005 -15"><span class='ocrx_word' id='word_1_210' title='bbox 293 1091 328 1119; x_wconf 83' lang='lat' dir='ltr'>ad</span> <span class='ocrx_word' id='word_1_211' title='bbox 353 1091 450 1121; x_wconf 87' lang='lat' dir='ltr'>vivum</span> <span class='ocrx_word' id='word_1_212' title='bbox 471 1095 656 1123; x_wconf 85' lang='lat' dir='ltr'>resecandum</span> <span class='ocrx_word' id='word_1_213' title='bbox 679 1104 741 1124; x_wconf 84' lang='lat' dir='ltr'>non</span> <span class='ocrx_word' id='word_1_214' title='bbox 764 1104 849 1132; x_wconf 86' lang='lat' dir='ltr'>esse,</span> <span class='ocrx_word' id='word_1_215' title='bbox 873 1095 942 1132; x_wconf 91' lang='lat' dir='ltr'>quid</span> <span class='ocrx_word' id='word_1_216' title='bbox 960 1097 1048 1126; x_wconf 81' lang='lat' dir='ltr'>homo</span> <span class='ocrx_word' id='word_1_217' title='bbox 1064 1096 1139 1126; x_wconf 85' lang='lat' dir='ltr'>scire</span> <span class='ocrx_word' id='word_1_218' title='bbox 1159 1098 1273 1134; x_wconf 74' lang='lat' dir='ltr'>possit,</span> <span class='ocrx_word' id='word_1_219' title='bbox 1296 1097 1367 1134; x_wconf 87' lang='lat' dir='ltr'>quid</span> <span class='ocrx_word' id='word_1_220' title='bbox 1382 1097 1510 1127; x_wconf 82' lang='lat' dir='ltr'>nescire:</span> <span class='ocrx_word' id='word_1_221' title='bbox 1533 1104 1626 1133; x_wconf 83' lang='lat' dir='ltr'>neque</span> <span class='ocrx_word' id='word_1_222' title='bbox 1645 1097 1704 1126; x_wconf 69' lang='lat' dir='ltr'>rhoc</span> <span class='ocrx_word' id='word_1_223' title='bbox 1735 1097 1799 1133; x_wconf 86' lang='lat' dir='ltr'>qui-</span> 
     </span>
     <span class='ocr_line' id='line_1_20' title="bbox 289 1141 1800 1185; baseline 0.005 -16"><span class='ocrx_word' id='word_1_224' title='bbox 289 1141 352 1169; x_wconf 84' lang='lat' dir='ltr'>dem</span> <span class='ocrx_word' id='word_1_225' title='bbox 385 1142 424 1171; x_wconf 92' lang='lat' dir='ltr'>ita</span> <span class='ocrx_word' id='word_1_226' title='bbox 454 1143 567 1173; x_wconf 87' lang='lat' dir='ltr'>definiri</span> <span class='ocrx_word' id='word_1_227' title='bbox 596 1154 696 1182; x_wconf 71' lang='lat' dir='ltr'>posse,</span> <span class='ocrx_word' id='word_1_228' title='bbox 732 1146 820 1174; x_wconf 82' lang='lat' dir='ltr'>fidem</span> <span class='ocrx_word' id='word_1_229' title='bbox 855 1147 979 1184; x_wconf 79' lang='lat' dir='ltr'>denique</span> <span class='ocrx_word' id='word_1_230' title='bbox 1011 1148 1185 1184; x_wconf 74' lang='lat' dir='ltr'>practicam,</span> <span class='ocrx_word' id='word_1_231' title='bbox 1212 1157 1270 1185; x_wconf 88' lang='lat' dir='ltr'>quo</span> <span class='ocrx_word' id='word_1_232' title='bbox 1299 1148 1429 1184; x_wconf 86' lang='lat' dir='ltr'>nitatur,</span> <span class='ocrx_word' id='word_1_233' title='bbox 1449 1147 1666 1177; x_wconf 81' lang='lat' dir='ltr'>fundamentum</span> <span class='ocrx_word' id='word_1_234' title='bbox 1695 1147 1800 1177; x_wconf 87' lang='lat' dir='ltr'>habere</span> 
     </span>
     <span class='ocr_line' id='line_1_21' title="bbox 288 1193 1799 1235; baseline 0.005 -15"><span class='ocrx_word' id='word_1_235' title='bbox 288 1193 420 1229; x_wconf 88' lang='lat' dir='ltr'>nullum,</span> <span class='ocrx_word' id='word_1_236' title='bbox 445 1196 523 1230; x_wconf 89' lang='lat' dir='ltr'>quod</span> <span class='ocrx_word' id='word_1_237' title='bbox 549 1195 664 1226; x_wconf 89' lang='lat' dir='ltr'>homine</span> <span class='ocrx_word' id='word_1_238' title='bbox 687 1197 725 1226; x_wconf 83' lang='lat' dir='ltr'>sit</span> <span class='ocrx_word' id='word_1_239' title='bbox 749 1197 879 1235; x_wconf 84' lang='lat' dir='ltr'>dignum.</span> <span class='ocrx_word' id='word_1_240' title='bbox 920 1199 1102 1228; x_wconf 80' lang='lat' dir='ltr'>Nostrorum</span> <span class='ocrx_word' id='word_1_241' title='bbox 1122 1205 1216 1229; x_wconf 89' lang='lat' dir='ltr'>autem</span> <span class='ocrx_word' id='word_1_242' title='bbox 1234 1200 1366 1229; x_wconf 77' lang='lat' dir='ltr'>visorum</span> <span class='ocrx_word' id='word_1_243' title='bbox 1389 1199 1538 1234; x_wconf 81' lang='lat' dir='ltr'>omnium,</span> <span class='ocrx_word' id='word_1_244' title='bbox 1560 1205 1593 1227; x_wconf 89' lang='lat' dir='ltr'>ut</span> <span class='ocrx_word' id='word_1_245' title='bbox 1618 1198 1657 1227; x_wconf 81' lang='lat' dir='ltr'>ita</span> <span class='ocrx_word' id='word_1_246' title='bbox 1683 1199 1799 1235; x_wconf 83' lang='lat' dir='ltr'>dicam,</span> 
     </span>
     <span class='ocr_line' id='line_1_22' title="bbox 289 1247 1798 1289; baseline 0.003 -15"><span class='ocrx_word' id='word_1_247' title='bbox 289 1247 493 1283; x_wconf 78' lang='lat' dir='ltr'>rempublicam</span> <span class='ocrx_word' id='word_1_248' title='bbox 521 1249 673 1278; x_wconf 82' lang='lat' dir='ltr'>constituit</span> <span class='ocrx_word' id='word_1_249' title='bbox 691 1251 762 1279; x_wconf 89' lang='lat' dir='ltr'>ratio</span> <span class='ocrx_word' id='word_1_250' title='bbox 776 1271 786 1285; x_wconf 91' lang='lat'>,</span> <span class='ocrx_word' id='word_1_251' title='bbox 809 1251 904 1287; x_wconf 86' lang='lat' dir='ltr'>iisque</span> <span class='ocrx_word' id='word_1_252' title='bbox 927 1253 1006 1289; x_wconf 84' lang='lat' dir='ltr'>leges</span> <span class='ocrx_word' id='word_1_253' title='bbox 1026 1260 1092 1281; x_wconf 82' lang='lat' dir='ltr'>suas</span> <span class='ocrx_word' id='word_1_254' title='bbox 1111 1252 1238 1288; x_wconf 88' lang='lat' dir='ltr'>irrogat,</span> <span class='ocrx_word' id='word_1_255' title='bbox 1262 1251 1368 1287; x_wconf 89' lang='lat' dir='ltr'>quibus</span> <span class='ocrx_word' id='word_1_256' title='bbox 1389 1250 1459 1287; x_wconf 89' lang='lat' dir='ltr'>quid</span> <span class='ocrx_word' id='word_1_257' title='bbox 1471 1249 1533 1279; x_wconf 85' lang='lat' dir='ltr'>fieri</span> <span class='ocrx_word' id='word_1_258' title='bbox 1549 1248 1664 1286; x_wconf 80' lang='lat' dir='ltr'>possit,</span> <span class='ocrx_word' id='word_1_259' title='bbox 1684 1255 1712 1279; x_wconf 86' lang='lat' dir='ltr'>et</span> <span class='ocrx_word' id='word_1_260' title='bbox 1729 1250 1798 1286; x_wconf 83' lang='lat' dir='ltr'>quid</span> 
     </span>
     <span class='ocr_line' id='line_1_23' title="bbox 287 1299 1798 1342; baseline 0.006 -18"><span class='ocrx_word' id='word_1_261' title='bbox 287 1305 350 1325; x_wconf 82' lang='lat' dir='ltr'>csse</span> <span class='ocrx_word' id='word_1_262' title='bbox 370 1307 491 1327; x_wconf 84' lang='lat' dir='ltr'>necesse</span> <span class='ocrx_word' id='word_1_263' title='bbox 509 1299 568 1336; x_wconf 80' lang='lat' dir='ltr'>sit,</span> <span class='ocrx_word' id='word_1_264' title='bbox 596 1301 762 1337; x_wconf 87' lang='lat' dir='ltr'>pronuntiat</span> <span class='ocrx_word' id='word_1_265' title='bbox 784 1303 828 1339; x_wconf 74' lang='lat'>(3</span> <span class='ocrx_word' id='word_1_266' title='bbox 842 1306 867 1340; x_wconf 76' lang='lat'>).</span> <span class='ocrx_word' id='word_1_267' title='bbox 909 1304 987 1334; x_wconf 81' lang='lat' dir='ltr'>Huic</span> <span class='ocrx_word' id='word_1_268' title='bbox 1013 1305 1134 1342; x_wconf 79' lang='lat' dir='ltr'>imperio</span> <span class='ocrx_word' id='word_1_269' title='bbox 1152 1312 1187 1334; x_wconf 60' lang='lat' dir='ltr'>⁴et</span> <span class='ocrx_word' id='word_1_270' title='bbox 1213 1305 1295 1341; x_wconf 81' lang='lat' dir='ltr'>quasi</span> <span class='ocrx_word' id='word_1_271' title='bbox 1316 1304 1483 1334; x_wconf 82' lang='lat' dir='ltr'>dictatoriae</span> <span class='ocrx_word' id='word_1_272' title='bbox 1508 1303 1644 1341; x_wconf 81' lang='lat' dir='ltr'>potestati</span> <span class='ocrx_word' id='word_1_273' title='bbox 1667 1303 1798 1333; x_wconf 81' lang='lat' dir='ltr'>subiecta</span> 
     </span>
     <span class='ocr_line' id='line_1_24' title="bbox 280 1348 1796 1393; baseline 0.006 -18"><span class='ocrx_word' id='word_1_274' title='bbox 280 1356 330 1376; x_wconf 74' lang='lat' dir='ltr'>est</span> <span class='ocrx_word' id='word_1_275' title='bbox 352 1348 560 1387; x_wconf 68' lang='lat' dir='ltr'>intelligentia,</span> <span class='ocrx_word' id='word_1_276' title='bbox 581 1352 654 1381; x_wconf 84' lang='lat' dir='ltr'>ratio</span> <span class='ocrx_word' id='word_1_277' title='bbox 681 1362 781 1382; x_wconf 86' lang='lat' dir='ltr'>omnes</span> <span class='ocrx_word' id='word_1_278' title='bbox 799 1355 969 1384; x_wconf 75' lang='lat' dir='ltr'>moderatur</span> <span class='ocrx_word' id='word_1_279' title='bbox 992 1356 1146 1393; x_wconf 84' lang='lat' dir='ltr'>notiones,</span> <span class='ocrx_word' id='word_1_280' title='bbox 1170 1356 1263 1385; x_wconf 87' lang='lat' dir='ltr'>omnia</span> <span class='ocrx_word' id='word_1_281' title='bbox 1283 1355 1405 1391; x_wconf 86' lang='lat' dir='ltr'>iudicia,</span> <span class='ocrx_word' id='word_1_282' title='bbox 1428 1355 1522 1383; x_wconf 87' lang='lat' dir='ltr'>omnia</span> <span class='ocrx_word' id='word_1_283' title='bbox 1540 1355 1662 1383; x_wconf 87' lang='lat' dir='ltr'>decreta.</span> <span class='ocrx_word' id='word_1_284' title='bbox 1704 1354 1796 1392; x_wconf 86' lang='lat' dir='ltr'>Quic-</span> 
     </span>
     <span class='ocr_line' id='line_1_25' title="bbox 288 1399 1791 1444; baseline 0.005 -17"><span class='ocrx_word' id='word_1_285' title='bbox 288 1399 357 1435; x_wconf 74' lang='lat' dir='ltr'>quid</span> <span class='ocrx_word' id='word_1_286' title='bbox 381 1400 469 1437; x_wconf 87' lang='lat' dir='ltr'>igitur</span> <span class='ocrx_word' id='word_1_287' title='bbox 488 1402 656 1438; x_wconf 83' lang='lat' dir='ltr'>pronuntiet</span> <span class='ocrx_word' id='word_1_288' title='bbox 675 1404 770 1440; x_wconf 85' lang='lat' dir='ltr'>ratio,</span> <span class='ocrx_word' id='word_1_289' title='bbox 793 1404 818 1432; x_wconf 89' lang='lat' dir='ltr'>ei</span> <span class='ocrx_word' id='word_1_290' title='bbox 842 1414 992 1435; x_wconf 81' lang='lat' dir='ltr'>assensum</span> <span class='ocrx_word' id='word_1_291' title='bbox 1017 1408 1203 1444; x_wconf 80' lang='lat' dir='ltr'>praebemus:</span> <span class='ocrx_word' id='word_1_292' title='bbox 1235 1407 1307 1435; x_wconf 87' lang='lat' dir='ltr'>ratio</span> <span class='ocrx_word' id='word_1_293' title='bbox 1329 1406 1403 1435; x_wconf 81' lang='lat' dir='ltr'>enim</span> <span class='ocrx_word' id='word_1_294' title='bbox 1417 1405 1480 1434; x_wconf 81' lang='lat' dir='ltr'>sibi</span> <span class='ocrx_word' id='word_1_295' title='bbox 1508 1404 1640 1433; x_wconf 81' lang='lat' dir='ltr'>reluctari</span> <span class='ocrx_word' id='word_1_296' title='bbox 1666 1404 1791 1440; x_wconf 68' lang='lat' dir='ltr'>nequitt</span> 
     </span>
     <span class='ocr_line' id='line_1_26' title="bbox 286 1452 1793 1495; baseline 0.003 -15"><span class='ocrx_word' id='word_1_297' title='bbox 286 1452 370 1481; x_wconf 85' lang='lat' dir='ltr'>cuius</span> <span class='ocrx_word' id='word_1_298' title='bbox 385 1454 560 1482; x_wconf 86' lang='lat' dir='ltr'>contrarium</span> <span class='ocrx_word' id='word_1_299' title='bbox 575 1454 637 1483; x_wconf 87' lang='lat' dir='ltr'>fieri</span> <span class='ocrx_word' id='word_1_300' title='bbox 658 1464 745 1491; x_wconf 87' lang='lat' dir='ltr'>posse</span> <span class='ocrx_word' id='word_1_301' title='bbox 765 1464 850 1493; x_wconf 81' lang='lat' dir='ltr'>negat</span> <span class='ocrx_word' id='word_1_302' title='bbox 863 1479 872 1493; x_wconf 82' lang='lat'>,</span> <span class='ocrx_word' id='word_1_303' title='bbox 892 1458 921 1486; x_wconf 90' lang='lat' dir='ltr'>id</span> <span class='ocrx_word' id='word_1_304' title='bbox 941 1459 1036 1495; x_wconf 88' lang='lat' dir='ltr'>ipsum</span> <span class='ocrx_word' id='word_1_305' title='bbox 1057 1459 1127 1488; x_wconf 91' lang='lat' dir='ltr'>dicit</span> <span class='ocrx_word' id='word_1_306' title='bbox 1146 1468 1208 1487; x_wconf 85' lang='lat' dir='ltr'>esse</span> <span class='ocrx_word' id='word_1_307' title='bbox 1228 1457 1430 1488; x_wconf 80' lang='lat' dir='ltr'>necessarium.</span> <span class='ocrx_word' id='word_1_308' title='bbox 1465 1457 1547 1495; x_wconf 81' lang='lat' dir='ltr'>Quae</span> <span class='ocrx_word' id='word_1_309' title='bbox 1570 1455 1656 1492; x_wconf 87' lang='lat' dir='ltr'>igitur</span> <span class='ocrx_word' id='word_1_310' title='bbox 1672 1456 1732 1485; x_wconf 87' lang='lat' dir='ltr'>visa</span> <span class='ocrx_word' id='word_1_311' title='bbox 1748 1465 1793 1485; x_wconf 89' lang='lat' dir='ltr'>ra·</span> 
     </span>
     <span class='ocr_line' id='line_1_27' title="bbox 284 1502 1792 1549; baseline 0.004 -18"><span class='ocrx_word' id='word_1_312' title='bbox 284 1502 324 1531; x_wconf 88' lang='lat' dir='ltr'>tio</span> <span class='ocrx_word' id='word_1_313' title='bbox 349 1510 458 1532; x_wconf 85' lang='lat' dir='ltr'>mutare</span> <span class='ocrx_word' id='word_1_314' title='bbox 484 1514 544 1535; x_wconf 89' lang='lat' dir='ltr'>non</span> <span class='ocrx_word' id='word_1_315' title='bbox 568 1513 685 1542; x_wconf 82' lang='lat' dir='ltr'>potest,</span> <span class='ocrx_word' id='word_1_316' title='bbox 709 1507 774 1543; x_wconf 81' lang='lat' dir='ltr'>quia</span> <span class='ocrx_word' id='word_1_317' title='bbox 800 1508 839 1537; x_wconf 86' lang='lat' dir='ltr'>ita</span> <span class='ocrx_word' id='word_1_318' title='bbox 863 1508 893 1537; x_wconf 88' lang='lat' dir='ltr'>id</span> <span class='ocrx_word' id='word_1_319' title='bbox 917 1511 1040 1547; x_wconf 84' lang='lat' dir='ltr'>existat,</span> <span class='ocrx_word' id='word_1_320' title='bbox 1066 1512 1144 1548; x_wconf 86' lang='lat' dir='ltr'>quod</span> <span class='ocrx_word' id='word_1_321' title='bbox 1166 1512 1230 1549; x_wconf 84' lang='lat' dir='ltr'>ipsa</span> <span class='ocrx_word' id='word_1_322' title='bbox 1256 1510 1317 1539; x_wconf 88' lang='lat' dir='ltr'>fieri</span> <span class='ocrx_word' id='word_1_323' title='bbox 1346 1518 1431 1546; x_wconf 85' lang='lat' dir='ltr'>posse</span> <span class='ocrx_word' id='word_1_324' title='bbox 1456 1515 1564 1545; x_wconf 81' lang='lat' dir='ltr'>neget,</span> <span class='ocrx_word' id='word_1_325' title='bbox 1585 1508 1620 1537; x_wconf 89' lang='lat' dir='ltr'>iis</span> <span class='ocrx_word' id='word_1_326' title='bbox 1643 1508 1711 1537; x_wconf 87' lang='lat' dir='ltr'>visis</span> <span class='ocrx_word' id='word_1_327' title='bbox 1736 1507 1792 1537; x_wconf 85' lang='lat' dir='ltr'>ad·</span> 
     </span>
     <span class='ocr_line' id='line_1_28' title="bbox 277 1556 1788 1598; baseline 0.003 -17"><span class='ocrx_word' id='word_1_328' title='bbox 277 1563 389 1583; x_wconf 73' lang='lat' dir='ltr'>sensum</span> <span class='ocrx_word' id='word_1_329' title='bbox 411 1556 612 1593; x_wconf 77' lang='lat' dir='ltr'>adiungimus,</span> <span class='ocrx_word' id='word_1_330' title='bbox 632 1566 717 1593; x_wconf 88' lang='lat' dir='ltr'>quem</span> <span class='ocrx_word' id='word_1_331' title='bbox 736 1558 842 1587; x_wconf 84' lang='lat' dir='ltr'>Graeci</span> <span class='ocrx_word' id='word_1_332' title='bbox 856 1563 1055 1594; x_wconf 66' lang='grc' dir='ltr'>συγκατάθεσιν</span> <span class='ocrx_word' id='word_1_333' title='bbox 1072 1569 1193 1591; x_wconf 89' lang='lat' dir='ltr'>vocant:</span> <span class='ocrx_word' id='word_1_334' title='bbox 1216 1568 1244 1591; x_wconf 77' lang='lat' dir='ltr'>et</span> <span class='ocrx_word' id='word_1_335' title='bbox 1262 1569 1361 1598; x_wconf 83' lang='lat' dir='ltr'>reapse</span> <span class='ocrx_word' id='word_1_336' title='bbox 1373 1568 1442 1589; x_wconf 67' lang='lat' dir='ltr'>⁴cum</span> <span class='ocrx_word' id='word_1_337' title='bbox 1455 1559 1566 1588; x_wconf 88' lang='lat' dir='ltr'>nemine</span> <span class='ocrx_word' id='word_1_338' title='bbox 1584 1559 1632 1587; x_wconf 74' lang='lat' dir='ltr'>hic</span> <span class='ocrx_word' id='word_1_339' title='bbox 1651 1558 1736 1587; x_wconf 88' lang='lat' dir='ltr'>nobis</span> <span class='ocrx_word' id='word_1_340' title='bbox 1754 1559 1788 1587; x_wconf 89' lang='lat' dir='ltr'>lis</span> 
     </span>
     <span class='ocr_line' id='line_1_29' title="bbox 282 1605 1788 1649; baseline 0.003 -16"><span class='ocrx_word' id='word_1_341' title='bbox 282 1611 338 1634; x_wconf 83' lang='lat' dir='ltr'>est.</span> <span class='ocrx_word' id='word_1_342' title='bbox 370 1605 485 1642; x_wconf 84' lang='lat' dir='ltr'>Nemo,</span> <span class='ocrx_word' id='word_1_343' title='bbox 502 1606 531 1635; x_wconf 94' lang='lat' dir='ltr'>id</span> <span class='ocrx_word' id='word_1_344' title='bbox 542 1614 612 1644; x_wconf 72' lang='lat' dir='ltr'>est,</span> <span class='ocrx_word' id='word_1_345' title='bbox 630 1608 738 1637; x_wconf 80' lang='lat' dir='ltr'>nullius</span> <span class='ocrx_word' id='word_1_346' title='bbox 756 1609 880 1639; x_wconf 85' lang='lat' dir='ltr'>hominis</span> <span class='ocrx_word' id='word_1_347' title='bbox 896 1612 968 1640; x_wconf 87' lang='lat' dir='ltr'>ratio</span> <span class='ocrx_word' id='word_1_348' title='bbox 983 1633 993 1648; x_wconf 82' lang='lat'>,</span> <span class='ocrx_word' id='word_1_349' title='bbox 1014 1622 1148 1649; x_wconf 82' lang='lat' dir='ltr'>umquam</span> <span class='ocrx_word' id='word_1_350' title='bbox 1168 1614 1258 1649; x_wconf 82' lang='lat' dir='ltr'>dixit,</span> <span class='ocrx_word' id='word_1_351' title='bbox 1280 1613 1309 1641; x_wconf 90' lang='lat' dir='ltr'>id</span> <span class='ocrx_word' id='word_1_352' title='bbox 1324 1621 1386 1641; x_wconf 86' lang='lat' dir='ltr'>esse</span> <span class='ocrx_word' id='word_1_353' title='bbox 1406 1620 1525 1646; x_wconf 87' lang='lat' dir='ltr'>verum,</span> <span class='ocrx_word' id='word_1_354' title='bbox 1550 1610 1629 1646; x_wconf 88' lang='lat' dir='ltr'>quod</span> <span class='ocrx_word' id='word_1_355' title='bbox 1647 1609 1719 1638; x_wconf 88' lang='lat' dir='ltr'>ratio</span> <span class='ocrx_word' id='word_1_356' title='bbox 1738 1610 1788 1638; x_wconf 87' lang='lat' dir='ltr'>ad-</span> 
     </span>
     <span class='ocr_line' id='line_1_30' title="bbox 280 1658 1786 1701; baseline 0.003 -17"><span class='ocrx_word' id='word_1_357' title='bbox 280 1665 395 1685; x_wconf 80' lang='lat' dir='ltr'>versum</span> <span class='ocrx_word' id='word_1_358' title='bbox 407 1658 472 1687; x_wconf 75' lang='lat' dir='ltr'>suis</span> <span class='ocrx_word' id='word_1_359' title='bbox 489 1659 688 1695; x_wconf 83' lang='lat' dir='ltr'>pronuntiaret</span> <span class='ocrx_word' id='word_1_360' title='bbox 706 1661 829 1697; x_wconf 84' lang='lat' dir='ltr'>legibus.</span> <span class='ocrx_word' id='word_1_361' title='bbox 861 1663 917 1692; x_wconf 87' lang='lat' dir='ltr'>His</span> <span class='ocrx_word' id='word_1_362' title='bbox 935 1665 1047 1701; x_wconf 83' lang='lat' dir='ltr'>legibus</span> <span class='ocrx_word' id='word_1_363' title='bbox 1065 1665 1253 1694; x_wconf 86' lang='lat' dir='ltr'>obedientiam</span> <span class='ocrx_word' id='word_1_364' title='bbox 1270 1670 1417 1700; x_wconf 84' lang='lat' dir='ltr'>praestans</span> <span class='ocrx_word' id='word_1_365' title='bbox 1430 1661 1555 1690; x_wconf 83' lang='lat' dir='ltr'>Kantius</span> <span class='ocrx_word' id='word_1_366' title='bbox 1572 1660 1786 1698; x_wconf 85' lang='lat' dir='ltr'>philosophiam</span> 
     </span>
     <span class='ocr_line' id='line_1_31' title="bbox 277 1707 1788 1748; baseline 0.003 -13"><span class='ocrx_word' id='word_1_367' title='bbox 277 1707 405 1736; x_wconf 82' lang='lat' dir='ltr'>instituit</span> <span class='ocrx_word' id='word_1_368' title='bbox 424 1709 580 1747; x_wconf 45' lang='lat' dir='ltr'>«criticam,</span> <span class='ocrx_word' id='word_1_369' title='bbox 601 1711 740 1740; x_wconf 86' lang='lat' dir='ltr'>rationem</span> <span class='ocrx_word' id='word_1_370' title='bbox 763 1713 918 1743; x_wconf 86' lang='lat' dir='ltr'>ductricem</span> <span class='ocrx_word' id='word_1_371' title='bbox 939 1723 1056 1745; x_wconf 81' lang='lat' dir='ltr'>secutus</span> <span class='ocrx_word' id='word_1_372' title='bbox 1076 1726 1121 1746; x_wconf 84' lang='lat' dir='ltr'>res</span> <span class='ocrx_word' id='word_1_373' title='bbox 1143 1723 1273 1744; x_wconf 86' lang='lat' dir='ltr'>externas</span> <span class='ocrx_word' id='word_1_374' title='bbox 1294 1713 1411 1743; x_wconf 88' lang='lat' dir='ltr'>sustulit</span> <span class='ocrx_word' id='word_1_375' title='bbox 1432 1712 1579 1748; x_wconf 84' lang='lat' dir='ltr'>Fichtius;</span> <span class='ocrx_word' id='word_1_376' title='bbox 1603 1711 1699 1740; x_wconf 61' lang='lat' dir='ltr'>estdem</span> <span class='ocrx_word' id='word_1_377' title='bbox 1721 1720 1788 1740; x_wconf 89' lang='lat' dir='ltr'>auc-</span> 
     </span>
     <span class='ocr_line' id='line_1_32' title="bbox 282 1760 1784 1803; baseline 0.003 -16"><span class='ocrx_word' id='word_1_378' title='bbox 282 1760 396 1788; x_wconf 80' lang='lat' dir='ltr'>toritate</span> <span class='ocrx_word' id='word_1_379' title='bbox 420 1761 503 1790; x_wconf 83' lang='lat' dir='ltr'>nisus</span> <span class='ocrx_word' id='word_1_380' title='bbox 523 1762 717 1799; x_wconf 84' lang='lat' dir='ltr'>Schellingius</span> <span class='ocrx_word' id='word_1_381' title='bbox 729 1771 878 1801; x_wconf 85' lang='lat' dir='ltr'>veterem,</span> <span class='ocrx_word' id='word_1_382' title='bbox 898 1764 995 1802; x_wconf 80' lang='lat' dir='ltr'>Idem,</span> <span class='ocrx_word' id='word_1_383' title='bbox 1011 1766 1113 1803; x_wconf 71' lang='lat' dir='ltr'>Idem,</span> <span class='ocrx_word' id='word_1_384' title='bbox 1136 1766 1240 1796; x_wconf 80' lang='lat' dir='ltr'>cecinit</span> <span class='ocrx_word' id='word_1_385' title='bbox 1262 1766 1416 1801; x_wconf 85' lang='lat' dir='ltr'>querelam.</span> <span class='ocrx_word' id='word_1_386' title='bbox 1446 1764 1535 1801; x_wconf 87' lang='lat' dir='ltr'>Quod</span> <span class='ocrx_word' id='word_1_387' title='bbox 1552 1763 1640 1800; x_wconf 87' lang='lat' dir='ltr'>igitur</span> <span class='ocrx_word' id='word_1_388' title='bbox 1660 1762 1784 1798; x_wconf 89' lang='lat' dir='ltr'>rationi,</span> 
     </span>
     <span class='ocr_line' id='line_1_33' title="bbox 277 1810 1787 1855; baseline 0.003 -17"><span class='ocrx_word' id='word_1_389' title='bbox 277 1810 305 1838; x_wconf 87' lang='lat' dir='ltr'>id</span> <span class='ocrx_word' id='word_1_390' title='bbox 335 1818 380 1839; x_wconf 85' lang='lat' dir='ltr'>est</span> <span class='ocrx_word' id='word_1_391' title='bbox 404 1811 514 1841; x_wconf 86' lang='lat' dir='ltr'>homini</span> <span class='ocrx_word' id='word_1_392' title='bbox 537 1813 689 1850; x_wconf 73' lang='lat' dir='ltr'>rationali,</span> <span class='ocrx_word' id='word_1_393' title='bbox 715 1823 813 1843; x_wconf 67' lang='lat' dir='ltr'>verum</span> <span class='ocrx_word' id='word_1_394' title='bbox 836 1825 890 1844; x_wconf 74' lang='lat' dir='ltr'>esse</span> <span class='ocrx_word' id='word_1_395' title='bbox 908 1817 1043 1855; x_wconf 65' lang='lat' dir='ltr'>videtur,</span> <span class='ocrx_word' id='word_1_396' title='bbox 1066 1819 1145 1854; x_wconf 88' lang='lat' dir='ltr'>quod</span> <span class='ocrx_word' id='word_1_397' title='bbox 1167 1817 1321 1847; x_wconf 71' lang='lat' dir='ltr'>verisimile</span> <span class='ocrx_word' id='word_1_398' title='bbox 1341 1822 1405 1851; x_wconf 88' lang='lat' dir='ltr'>est,</span> <span class='ocrx_word' id='word_1_399' title='bbox 1426 1814 1455 1843; x_wconf 92' lang='lat' dir='ltr'>id</span> <span class='ocrx_word' id='word_1_400' title='bbox 1473 1814 1582 1843; x_wconf 85' lang='lat' dir='ltr'>homini</span> <span class='ocrx_word' id='word_1_401' title='bbox 1608 1822 1708 1843; x_wconf 87' lang='lat' dir='ltr'>verum</span> <span class='ocrx_word' id='word_1_402' title='bbox 1738 1821 1787 1842; x_wconf 87' lang='lat' dir='ltr'>es-</span> 
     </span>
     <span class='ocr_line' id='line_1_34' title="bbox 270 1869 556 1897; baseline 0.017 -9"><span class='ocrx_word' id='word_1_403' title='bbox 270 1869 327 1897; x_wconf 79' lang='lat' dir='ltr'>se,</span> <span class='ocrx_word' id='word_1_404' title='bbox 356 1871 473 1892; x_wconf 80' lang='lat' dir='ltr'>necesse</span> <span class='ocrx_word' id='word_1_405' title='bbox 498 1871 556 1893; x_wconf 82' lang='lat' dir='ltr'>est.</span> 
     </span>
    </p>
   </div>
   <div class='ocr_carea' id='block_1_3' title="bbox 1740 1915 1782 1945">
    <p class='ocr_par' dir='ltr' id='par_1_5' title="bbox 1740 1915 1782 1945">
     <span class='ocr_line' id='line_1_35' title="bbox 1740 1915 1782 1945; baseline -0.024 0"><span class='ocrx_word' id='word_1_406' title='bbox 1740 1915 1782 1945; x_wconf 81' lang='lat' dir='ltr'>At</span> 
     </span>
    </p>
   </div>
   <div class='ocr_carea' id='block_1_4' title="bbox 271 1991 1781 2125">
    <p class='ocr_par' dir='ltr' id='par_1_6' title="bbox 271 1991 1781 2125">
     <span class='ocr_line' id='line_1_36' title="bbox 303 1991 1619 2036; baseline 0.009 -16"><span class='ocrx_word' id='word_1_407' title='bbox 303 1991 325 2027; x_wconf 65' lang='grc' dir='ltr'>ζ</span> <span class='ocrx_word' id='word_1_408' title='bbox 337 2002 346 2020; x_wconf 86' lang='lat'>1</span> <span class='ocrx_word' id='word_1_409' title='bbox 358 1995 374 2028; x_wconf 90' lang='lat'><em>)</em></span> <span class='ocrx_word' id='word_1_410' title='bbox 391 1996 460 2022; x_wconf 68' lang='lat' dir='ltr'>via.</span> <span class='ocrx_word' id='word_1_411' title='bbox 480 1998 605 2025; x_wconf 77' lang='lat' dir='ltr'>Platner.</span> <span class='ocrx_word' id='word_1_412' title='bbox 623 1999 655 2032; x_wconf 42' lang='lat'>§-</span> <span class='ocrx_word' id='word_1_413' title='bbox 667 2007 715 2033; x_wconf 81' lang='lat'>701</span> <span class='ocrx_word' id='word_1_414' title='bbox 742 2000 858 2034; x_wconf 83' lang='lat' dir='ltr'>alibique</span> <span class='ocrx_word' id='word_1_415' title='bbox 879 2003 1042 2036; x_wconf 73' lang='lat' dir='ltr'>saepissime.</span> <span class='ocrx_word' id='word_1_416' title='bbox 1213 2000 1253 2035; x_wconf 69' lang='grc' dir='ltr'>(ι</span> <span class='ocrx_word' id='word_1_417' title='bbox 1263 1999 1278 2034; x_wconf 88' lang='lat'><em>)</em></span> <span class='ocrx_word' id='word_1_418' title='bbox 1300 1999 1364 2028; x_wconf 85' lang='lat' dir='ltr'>vid.</span> <span class='ocrx_word' id='word_1_419' title='bbox 1383 2000 1507 2029; x_wconf 69' lang='lat' dir='ltr'>Mamer,</span> <span class='ocrx_word' id='word_1_420' title='bbox 1524 1993 1546 2028; x_wconf 79' lang='lat'>§-</span> <span class='ocrx_word' id='word_1_421' title='bbox 1559 2004 1619 2032; x_wconf 72' lang='lat'>704·</span> 
     </span>
     <span class='ocr_line' id='line_1_37' title="bbox 307 2039 1781 2084; baseline 0.008 -18"><span class='ocrx_word' id='word_1_422' title='bbox 307 2039 372 2075; x_wconf 79' lang='lat'>(3)</span> <span class='ocrx_word' id='word_1_423' title='bbox 398 2043 438 2068; x_wconf 90' lang='lat' dir='ltr'>De</span> <span class='ocrx_word' id='word_1_424' title='bbox 464 2043 650 2075; x_wconf 78' lang='lat' dir='ltr'>intelligentiae</span> <span class='ocrx_word' id='word_1_425' title='bbox 675 2048 837 2080; x_wconf 78' lang='lat' dir='ltr'>rationisque</span> <span class='ocrx_word' id='word_1_426' title='bbox 862 2047 1015 2077; x_wconf 77' lang='lat' dir='ltr'>discrimine</span> <span class='ocrx_word' id='word_1_427' title='bbox 1042 2050 1174 2084; x_wconf 86' lang='lat' dir='ltr'>huiusque</span> <span class='ocrx_word' id='word_1_428' title='bbox 1195 2048 1369 2081; x_wconf 82' lang='lat' dir='ltr'>definitione,</span> <span class='ocrx_word' id='word_1_429' title='bbox 1399 2046 1456 2075; x_wconf 83' lang='lat' dir='ltr'>vid.</span> <span class='ocrx_word' id='word_1_430' title='bbox 1482 2045 1613 2078; x_wconf 60' lang='lat' dir='ltr'>Pluma,</span> <span class='ocrx_word' id='word_1_431' title='bbox 1642 2043 1730 2079; x_wconf 79' lang='lat'><strong>§·⁶50</strong></span> <span class='ocrx_word' id='word_1_432' title='bbox 1752 2050 1781 2072; x_wconf 67' lang='lat' dir='ltr'>et</span> 
     </span>
     <span class='ocr_line' id='line_1_38' title="bbox 271 2091 659 2125; baseline 0.015 -12"><span class='ocrx_word' id='word_1_433' title='bbox 271 2096 350 2122; x_wconf 79' lang='lat' dir='ltr'>quem</span> <span class='ocrx_word' id='word_1_434' title='bbox 368 2091 452 2123; x_wconf 70' lang='lat' dir='ltr'>citat,</span> <span class='ocrx_word' id='word_1_435' title='bbox 470 2092 659 2125; x_wconf 75' lang='lat' dir='ltr'>Batimgarteii.</span> 
     </span>
    </p>
   </div>
   <div class='ocr_carea' id='block_1_5' title="bbox 1896 1095 1912 1634">
    <p class='ocr_par' dir='ltr' id='par_1_7' title="bbox 1896 1095 1912 1634">
     <span class='ocr_line' id='line_1_39' title="bbox 1896 1095 1912 1634; baseline 0 0"><span class='ocrx_word' id='word_1_436' title='bbox 1896 1095 1912 1634; x_wconf 95' lang='lat' dir='ltr'> </span> 
     </span>
    </p>
   </div>
   <div class='ocr_carea' id='block_1_6' title="bbox 1873 1781 1905 2359">
    <p class='ocr_par' dir='ltr' id='par_1_8' title="bbox 1871 1781 1929 2448">
     <span class='ocr_line' id='line_1_40' title="bbox 1884 1781 1905 1951; baseline 0 -77"><span class='ocrx_word' id='word_1_437' title='bbox 1884 1781 1905 1951; x_wconf 53' lang='lat' dir='ltr'>J*</span> 
     </span>
     <span class='ocr_line' id='line_1_41' title="bbox 1881 1954 1901 2103; baseline 0 -103"><span class='ocrx_word' id='word_1_438' title='bbox 1881 1954 1901 2103; x_wconf 5' lang='lat' dir='ltr'>ft</span> 
     </span>
     <span class='ocr_line' id='line_1_42' title="bbox 1873 2106 1883 2359; baseline 0 -95"><span class='ocrx_word' id='word_1_439' title='bbox 1873 2106 1883 2359; x_wconf 65' lang='lat' dir='ltr'><em>j</em></span> 
     </span>
    </p>
   </div>
  </div>
 </body>
</html>
