1961 2438
351 107 390 145 32-
855 88 1300 125 QEK'AMA

395 190 572 222 Mnsnnm
611 191 773 217 nnoxnm
803 191 888 213 nova
908 179 973 222 jam
997 176 1070 209 sede
1088 177 1256 219 magnifice
1278 177 1487 220 collocatum,
1512 190 1639 217 auctum
1661 192 1696 218 et
1723 186 1813 220 locu.-

351 247 522 291 pietatum,
555 253 627 273 cum
665 240 775 271 ceteris
812 238 874 269 illis
910 235 1093 273 thesauris,
1127 241 1195 264 tum
1236 241 1267 266 et
1293 238 1552 278 Brugmansianis
1580 248 1611 273 et
1640 243 1817 276 Bonniani,

351 314 432 346 quae
455 301 518 332 huc
543 304 682 341 spectare
705 301 894 331 censentur,
922 302 1025 336 nuper
1053 296 1085 322 et
1109 301 1129 321 a
1160 290 1376 323 Reinwardtio
1402 292 1502 326 allatis
1530 295 1685 330 ditissime
1708 299 1814 342 splen-

350 360 403 391 ‹let
427 357 600 399 fulgetque.

391 474 420 504 N
429 483 448 503 o
458 482 472 503 s
481 483 526 503 oc
538 482 590 503 om
601 480 610 502 x
622 481 639 502 t]
652 479 680 502 M
711 480 754 500 eL
763 477 773 500 τ
783 478 801 499 Ν
812 477 848 499 lc
857 477 876 498 n
886 477 912 497 m
941 461 1171 507 cognoscendis
1187 461 1401 506 curandisque
1421 463 1542 496 morbis
1564 471 1596 496 et
1615 465 1820 507 vulneribus,¹

353 529 528 571 partuique
552 526 677 559 difficili
695 523 913 561 sublevando,
937 522 1004 564 ipsa
1015 519 1208 563 experientia
1225 518 1327 557 duce,
1343 520 1540 552 Medicorum
1559 529 1743 555 nostrorum
1761 535 1818 555 au·

351 584 458 627 spieiis
473 593 547 615 cum
568 585 705 614 maxime
720 582 870 618 inservit,
885 579 922 610 -in
935 575 1335 609 commodum-Iuventutis
1352 576 1539 619 Apollineae
1552 580 1628 611 artis
1644 579 1815 613 studiosae.

395 698 591 727 THEATRA
620 693 690 733 illa,
709 700 745 725 *et
779 701 990 725 cumaeum
1021 697 1052 722 et
1085 700 1316 729 ΡῐΠειουΜ,
1343 701 1537 734 quamquam
1559 693 1593 724 in
1618 693 1687 725 loca
1717 694 1818 736 magis

351 751 535 790 commoda,
557 757 594 782 ut
619 750 743 781 dudum
766 750 799 780 iu
828 749 912 780 votis
937 755 1002 785 est,
1035 748 1182 779 nondum
1208 748 1375 786 translata,
1399 759 1455 778 sua
1486 755 1592 781 tamen
1617 750 1820 794 suppellecti-

348 808 379 839 le
401 809 528 850 copiose
544 812 620 838 sunt
639 812 759 838 ornata.
780 819 831 830 -—
855 805 1042 836 Chemicum
1058 805 1211 848 quidem,
1236 811 1271 835 ut
1290 805 1355 846 ipse
1386 804 1578 837 instruxerat
1605 817 1740 838 minem
1753 818 1819 838 Al·

350 873 444 895 sins.
469 881 513 890 —
545 863 715 906 Physicum
739 872 839 900 vero,
861 867 893 893 et
912 860 1059 904 pluribus
1085 861 1258 892 identidem
1278 861 1346 892 aliis
1364 868 1493 893 auctum
1512 863 1754 902 instrumentis,
1783 869 1816 895 et

351 919 414 951 hoc
430 921 524 951 etiam
541 930 628 951 anno
648 920 690 950 iis
708 919 911 962 praesertim,
934 927 1017 960 quae
1039 917 1079 948 ad
1099 928 1185 949 nova
1209 917 1261 948 illa
1285 917 1441 949 Oerstedii
1464 920 1671 962 Amperiique
1687 920 1815 963 experi-

353 982 463 1007 menta
487 981 518 1006 et
543 974 712 1019 repetenda
738 981 770 1005 et
793 972 1017 1017 amplificanda
1038 975 1222 1017 pertinent,
1254 980 1290 1004 ut
1312 974 1468 1016 praeclare
1496 976 1667 1018 praestitit,
1691 986 1812 1019 suaque

351 1032 535 1071 observata,
550 1038 582 1063 et
606 1042 691 1063 nova
711 1030 821 1062 itidem
851 1032 1067 1074 experimenta
1086 1028 1127 1060 de
1146 1040 1208 1060 αειι
1237 1032 1414 1071 magnetem
1431 1041 1493 1073 pro
1511 1030 1611 1063 lubitu
1632 1030 1818 1075 dirigenda,

351 1097 427 1119 cum
447 1087 524 1120 orbe
542 1086 668 1119 erudito
686 1087 934 1132 communicavit
960 1085 1160 1118 Clarissimus
1184 1095 1203 1117 Ε
1214 1096 1312 1118 YKIU
1324 1096 1338 1118 s
1367 1093 1488 1120 noster.

397 1202 750 1233 Otstnvaronnnr
776 1211 894 1245 paucos
924 1206 998 1233 ante
1018 1210 1121 1233 annos
1137 1223 1148 1239 ,
1176 1201 1223 1232 sio
1255 1206 1292 1233 ut
1317 1200 1399 1232 mihi
1425 1201 1460 1233 in
1491 1203 1575 1234 votis
1593 1208 1683 1241 erat,
1713 1199 1818 1233 tribus

349 1257 647 1299 contignationibus
669 1257 803 1301 pulchre
830 1264 966 1301 apteque
986 1263 1184 1289 exstructum
1199 1280 1209 1296 ,
1237 1257 1428 1290 Tabulatum
1449 1259 1701 1303 amplissimum,
1725 1258 1815 1303 quod

350 1313 494 1356 contigui
515 1313 650 1345 aedificii
673 1325 801 1345 summo
836 1320 919 1346 tecto
952 1315 1102 1345 innixum
1132 1313 1236 1345 libero
1261 1313 1325 1345 fere
1349 1325 1596 1357 quoquoversus
1630 1321 1715 1359 patet
1743 1325 1818 1357 pro-

353 1375 483 1411 spectu,
507 1370 716 1413 conjunctum
739 1370 883 1409 habens;
905 1369 1030 1401 eximiis
1054 1368 1095 1400 ad
1119 1369 1342 1402 astronomiae
1372 1371 1487 1414 praxin
1513 1370 1665 1403 subsidiis
1698 1371 1812 1414 copio-

353 1437 387 1458 se
404 1434 452 1459 est
477 1429 679 1460 instructum.
701 1447 747 1455 -
771 1430 856 1461 I-iaec
879 1428 942 1460 nisi
959 1436 1213 1459 commemorem
1236 1437 1324 1470 ego,
1350 1437 1413 1469 ego
1437 1437 1515 1460 vero
1539 1438 1599 1459 nec
1630 1426 1715 1458 bona
1750 1435 1819 1458 mea

353 1483 481 1515 novisse
509 1483 641 1523 videar,
668 1495 728 1516 nec
758 1485 874 1527 ingrati
902 1490 985 1516 certe
1002 1484 1108 1514 *animi
1132 1483 1258 1514 crimen
1284 1481 1447 1526 effugiam.
1501 1482 1616 1524 Quid?
1651 1484 1818 1514 Summam

353 1537 414 1570 hac
437 1541 471 1571 in
493 1550 527 1571 re
548 1542 767 1572 Maecenatum
789 1547 973 1573 nostrorum
992 1541 1253 1575 Benevolentiam
1277 1548 1446 1586 expertum
1472 1552 1524 1574 me
1545 1542 1652 1586 palam
1668 1541 1814 1586 profiteri

346 1601 382 1625 et
398 1604 566 1638 agnoscere
588 1596 694 1636 decet,
719 1597 914 1630 Eorumdem
932 1607 1032 1637 cura,
1056 1598 1214 1641 Regisque
1230 1597 1379 1641 inprimis
1400 1597 1639 1636 Munificenfia,
1661 1598 1724 1629 hoc
1747 1603 1816 1629 stu·

353 1650 445 1681 dium
472 1662 580 1683 meum
607 1659 656 1685 tot
675 1655 841 1697 tantisque
863 1653 980 1698 opibus
1008 1652 1180 1686 liberaliter
1206 1652 1304 1686 fuisse
1320 1653 1521 1692 excitatum,
1548 1651 1718 1684 efficaciter
1743 1663 1819 1696 pro-

352 1713 478 1738 motum
489 1730 498 1747 ,
518 1709 760 1753 opulentissime
777 1710 941 1754 adjutum,
960 1716 1042 1754 quot
1058 1717 1258 1755 quantasque
1272 1711 1327 1744 vix
1341 1710 1512 1753 quisquam
1527 1718 1654 1753 sperare
1671 1708 1812 1744 auderet.

399 1819 561 1853 Habemus
580 1822 670 1854 ‘eni-m
688 1828 719 1855 et
733 1822 773 1854 ad
796 1823 978 1856 docendum
999 1831 1031 1856 et
1058 1824 1097 1856 ad
1115 1823 1352 1857 observandum
1379 1823 1661 1856 instructissimum
1683 1831 1814 1865 appara-

355 1880 444 1914 imm,
465 1879 587 1920 quique
605 1879 675 1911 aliis
695 1881 730 1911 in
747 1879 809 1910 hoc
824 1891 938 1922 genere
959 1892 1027 1913 non
1052 1881 1141 1913 facile
1173 1879 1274 1913 cedat.
1318 1880 1450 1912 Excellit
1466 1891 1543 1912 vero
1562 1879 1816 1911 accuratissimus

355 1931 408 1962 iile
427 1933 572 1965 Circulus
590 1935 707 1967 Bordae
734 1938 916 1979 Repetitor,
938 1937 973 1969 in
997 1947 1121 1968 summa
1137 1937 1345 1968 observatorii
1373 1943 1462 1981 parte
1479 1942 1613 1979 aptatus.
1649 1933 1821 1966 Excellunt

355 1995 390 2017 ,εῑ
412 1989 491 2020 varii
515 1990 597 2021 Tubi
622 1992 841 2031 achromassci,
867 2000 898 2024 et
921 1994 1008 2025 varia
1032 1993 1169 2036 duplicis
1194 1992 1244 2025 vel
1271 1992 1422 2036 triplicis,
1445 2002 1508 2035 qua
1534 1990 1678 2034 apparari
1699 1987 1818 2026 solent,

364 2049 541 2077 §uncturae
564 2046 742 2091 Telescopia
762 2050 892 2092 oplima.
931 2051 1006 2082 Prae
1029 2052 1143 2082 ceteris
1160 2060 1236 2082 vero
1251 2049 1346 2093 longe
1361 2047 1439 2082 illud
1455 2045 1760 2091 praestantissimum
1778 2043 1819 2074 ab

1768 2110 1819 2130 υ.
