1930 2448
410 116 638 151 RESPONSIO
667 126 710 152 An
739 118 1051 159 QUAESTIONEM
1077 121 1321 162 JURIDICAM.
1591 138 1623 160 11

72 229 74 232 ,
106 203 142 233 ab
158 211 189 233 ea
206 201 407 239 comprobatae
428 201 550 232 Tabulis
563 203 658 234 aeneis
675 202 782 232 incisae
806 210 895 240 sunt,
918 211 945 234 et
965 205 1081 235 nomine
1104 206 1213 245 Legum
1239 207 1394 239 Duodecim
1418 208 1593 241 Tabularum
1607 234 1618 250 ,

107 256 188 291 quod
205 255 339 291 deinceps
355 254 454 284 harum
471 264 608 285 numerus
622 256 656 284 ad
670 254 820 285 duodecim
828 256 955 287 ,creverit
966 277 977 292 ,
998 257 1189 288 innotuerunt
1205 259 1302 299 (28).

142 306 206 335 Hae
219 314 288 335 vero
306 306 362 335 XII
378 306 475 336 Tabb.
489 308 567 343 leges
590 306 688 343 quanti
706 306 740 334 ab
763 306 841 335 omni
858 307 1027 343 antiquitate
1045 309 1157 339 habitae
1176 311 1255 347 sint,
1279 312 1405 343 indicant
1423 321 1549 345 veterum
1571 325 1618 347 en-

102 357 205 386 comia.
248 357 356 386 Omnes
375 357 449 386 enim
471 364 618 394 quotquot
639 358 694 387 XII
713 357 841 387 Tabulas
866 366 1144 397 commemorarunt,
1167 363 1281 393 laudant
1307 373 1403 394 earum
1431 375 1494 395 cum
1519 369 1617 404 aequi-

99 415 184 437 tatem
206 415 233 437 et
252 408 418 446 elegantiam
432 429 442 445 ‚
464 415 524 437 tum
545 408 713 438 brevitatem
733 415 760 437 et
777 409 1000 446 simplicitatem.
1044 412 1224 450 Quamquam
1246 424 1305 445 non
1325 425 1398 453 opus
1417 425 1460 446 est
1478 418 1523 447 hle
1542 420 1615 449 anti-

100 459 218 495 quitatis
238 460 401 489 testimonia
426 468 668 496 commemorare,
695 469 768 496 quae
789 461 852 498 Jac.
878 461 1081 492 Gothofredus
1107 464 1258 501 diligenter
1277 467 1395 504 collegit
1413 469 1442 498 in
1465 470 1557 506 capite
1580 472 1614 500 de

98 512 169 540 hist.
184 512 237 540 XII
255 510 432 540 Tabularum
446 531 456 547 ‚
477 520 536 540 non
552 520 710 548 possumus
728 519 822 542 tamen
843 513 912 549 quin
934 520 1096 550 repetamus
1111 515 1184 545 illud
1198 523 1253 547 tam
1269 518 1442 548 celebratum
1462 521 1612 551 Ciceronis

99 563 280 599 encomium,
302 571 366 591 cum
378 562 473 591 dicat:
501 562 661 598 „Fremant
678 572 778 593 omnes
790 585 800 600 ,
822 564 919 600 inquit
930 587 940 602 ‚
955 565 1040 602 licet3
1061 566 1149 595 dicam
1169 569 1249 604 quod
1265 569 1378 598 sentio:
1402 570 1591 603 bibliothecas
1604 595 1613 610 ‚

94 615 256 650 mehercle,
278 613 404 643 omnium
421 613 690 652 Philosophorum,
712 624 787 645 unus
805 616 875 645 mihi
894 616 1008 646 videtur
1025 618 1079 647 XII
1095 618 1190 650 Tabb.
1210 620 1343 650 Libellus
1357 642 1367 657 ,
1390 622 1414 651 si
1435 623 1499 659 quis
1519 626 1613 662 legum

92 666 184 702 capita
197 674 229 695 ac
251 665 348 694 fontes
373 664 497 700 viderit,
522 672 550 694 et
571 667 748 696 auctoritatis
765 669 893 704 pondere
911 676 939 698 et
959 669 1090 699 utilitatis
1106 671 1237 700 ubertate
1249 681 1383 709 superare
1403 675 1461 712 (29
1472 676 1497 711 ),

133 718 238 753 Neque
255 717 349 745 minus
367 716 421 745 XII
438 716 532 747 Tabb.
551 719 724 754 praestantia
747 719 813 749 inde
835 721 965 758 arguitur
992 722 1070 758 quod
1099 722 1206 751 tamdiu
1231 723 1289 753 vim
1306 730 1333 752 et
1352 725 1547 755 auctoritatem
1567 736 1611 756 re·

91 768 246 797 tinuerint:
269 767 307 796 ita
326 773 359 796 ut
374 767 479 797 Livius
499 777 544 798 eas
560 778 613 799 suo
630 770 721 799 adhuc
742 778 871 808 tempore
890 772 1002 802 fontem
1031 773 1124 803 omnis
1149 774 1259 810 publici
1284 776 1448 813 privatique
1463 778 1541 815 Juris
1559 788 1611 808 vo-

93 828 156 848 care
175 828 234 848 non
250 819 424 849 dubitaverit
439 821 456 857 (
467 829 502 857 30
512 822 538 858 ).
580 822 613 850 Id
636 831 754 859 quoque
770 830 912 853 testantur
928 826 1033 854 summi
1054 826 1166 862 quidam
1181 826 1358 864 Jconsulti,
1382 829 1432 864 qui
1446 838 1491 858 eas
1511 831 1608 867 dignas

87 871 271 908 judicarent,
293 879 364 907 quae
380 873 591 902 commentariis
607 873 818 904 illustrarentur
836 882 863 905 et
879 876 1089 913 explicarentur
1102 899 1111 913 ‚
1136 877 1210 907 inter
1224 887 1298 915 quos
1315 881 1405 917 vulgo
1425 888 1610 912 recensentur

87 922 190 951 Sextus
210 923 310 951 Aelius
321 943 332 959 ‚
354 922 395 954 L.
413 923 532 961 Aelius,
554 924 593 955 L.
613 926 741 963 Acilius,
764 927 911 957 Antistius
928 927 1022 958 Labeo
1035 950 1045 965 ‚
1068 935 1096 958 et
1112 929 1265 966 praecipue
1283 931 1486 970 Gajus(31).

126 974 189 1002 Hae
203 974 325 1003 virtutes
337 996 347 1011 ‚
371 984 440 1011 quas
456 982 567 1005 veteres
587 976 617 1007 in
632 978 688 1007 XII
710 977 807 1008 Tabb.
825 979 936 1016 legibus
962 980 1135 1016 laudarunt,
1160 981 1289 1017 quamvis
1308 991 1367 1011 non
1387 984 1427 1012 ita
1448 983 1541 1020 primo
1561 985 1608 1013 ad-

83 1032 187 1061 spectu
202 1026 287 1055 nobis
299 1027 428 1056 eluceant
441 1048 451 1063 ,
471 1028 519 1062 qui
534 1028 692 1064 fragmenta
703 1035 811 1059 tantum
821 1030 976 1056 habeamus
987 1048 998 1063 ‚
1019 1034 1113 1058 tamen
1130 1037 1190 1058 non
1207 1030 1327 1060 omnino
1345 1041 1390 1061 eas
1409 1034 1495 1062 latere
1514 1035 1610 1064 existi-

83 1076 215 1104 mandum
236 1084 278 1105 est
290 1097 300 1111 ,
322 1074 387 1105 cum
404 1086 438 1105 ex
451 1077 522 1113 ipsis
543 1077 587 1105 his
603 1076 771 1114 fragmentis
789 1078 825 1107 de
837 1078 964 1116 ipsarum
981 1079 1095 1117 Legum
1114 1081 1286 1117 praestantia
1305 1083 1426 1120 judicari
1446 1086 1553 1122 possit.

123 1126 250 1156 Tabulas
271 1127 347 1163 ipsas
367 1127 402 1156 ad
418 1136 499 1157 suam
516 1128 608 1157 adhuc
633 1135 752 1159 aetatem
777 1131 949 1168 perdurasse
972 1138 1096 1162 testatur
1118 1133 1299 1171 Dionysius,
1324 1144 1394 1171 quas
1415 1143 1443 1164 et
1467 1136 1608 1173 Cypriani

80 1176 225 1214 Episcopi
246 1184 375 1214 tempore
399 1179 570 1216 superstites
597 1179 689 1210 fuisse
706 1190 740 1210 ex
764 1182 859 1219 ipsius
878 1183 957 1213 dicto
980 1184 1102 1222 (Epist.
1120 1194 1149 1214 2.
1182 1194 1209 1214 c.
1227 1186 1281 1223 2.)
1310 1187 1456 1216 conficere
1473 1189 1608 1217 nonnulli

79 1231 253 1265 voluerunt3
285 1228 416 1265 ignotum
444 1237 488 1260 est
511 1239 570 1267 quo
598 1238 730 1270 tempore
751 1240 779 1263 et
805 1243 874 1264 casu
898 1235 1059 1274 perierint;
1082 1242 1111 1266 at
1134 1236 1201 1266 licet
1225 1243 1356 1275 tempore
1367 1239 1522 1277 justiniani
1547 1248 1608 1268 non

66 1279 260 1314 superfuisse
279 1286 410 1314 constet,
432 1282 509 1317 leges
529 1289 621 1313 tamen
640 1284 669 1316 in
695 1287 909 1317 commentariis
933 1288 1079 1326 JCtorum
1104 1295 1132 1318 et
1152 1289 1283 1325 inprimis
1312 1289 1380 1327 Gaji
1398 1297 1524 1320 servatae
1544 1290 1607 1319 fue-

76 1336 163 1366 runtg,
186 1330 269 1367 cujus
292 1332 562 1363 commentariorum
590 1335 681 1365 libros
709 1337 744 1366 ad
762 1346 817 1368 nos
839 1348 900 1369 non
927 1341 1097 1377 pervenisse
1125 1349 1238 1369 summo
1263 1341 1326 1378 J‘ure
1345 1341 1444 1370 dolent
1461 1341 1538 1379 JuriS
1554 1351 1605 1378 pe-

77 1381 138 1410 riti.
179 1380 360 1419 Quamquam
377 1381 465 1418 igiffll‘
480 1391 539 1411 non
555 1385 609 1411 1²55?
634 1386 789 1421 fragmenta
813 1391 971 1424 habemus..
997 1398 1105 1421 tantam
1123 1398 1218 1421 tamen
1238 1392 1297 1421 vim
1317 1399 1450 1421 exercent
1468 1393 1501 1421 ad
1520 1402 1604 1422 omne

73 1429 121 1470 jus
138 1432 300 1461 Romanum
316 1432 533 1468 percipiendum
547 1454 557 1468 ,
579 1440 612 1462 ut
630 1434 769 1472 CUJ'acius
788 1437 972 1467 acutissimus
989 1438 1092 1467 harum
1113 1447 1208 1468 rerum
1225 1441 1332 1478 judex,
1355 1442 1389 1472 ab
1416 1443 1450 1472 iis
1475 1444 1601 1473 studium

70 1484 149 1521 Juris
171 1483 275 1512 Civilis
294 1483 497 1512 exordiendum
523 1493 585 1513 esse
596 1487 660 1523 jure
676 1488 839 1525 meritoque
859 1489 1036 1519 existimasse
1053 1490 1183 1520 videatur
1205 1492 1223 1529 (
1235 1501 1270 1529 32
1283 1492 1313 1530 ).

115 1535 194 1563 Haec
207 1536 262 1572 jam
281 1534 422 1564 sufficiant
438 1536 472 1564 de
490 1536 611 1566 historia
626 1544 654 1567 et
674 1538 742 1568 fatis
757 1541 812 1570 XII
827 1540 927 1570 Tabb.
943 1543 1051 1579 legum.
1095 1543 1143 1571 Ad
1162 1543 1245 1573 aliam
1268 1545 1486 1579 gravioremque
1511 1544 1596 1582 hujus

76 1585 282 1623 disputationis
308 1592 417 1621 partem
445 1589 650 1618 transeundum
676 1597 736 1629 est,
766 1591 797 1622 in
823 1601 878 1628 qua
904 1593 975 1629 quid
998 1593 1101 1622 summi
1126 1601 1192 1623 ante
1225 1592 1440 1623 Gothofredum
1468 1595 1537 1633 Jcti
1563 1597 1598 1625 ad

1549 1656 1593 1675 re·

101 1716 181 1753 (28)
200 1718 239 1744 De
254 1720 367 1743 materia
381 1718 435 1744 XII
451 1720 528 1747 Tabb.
548 1723 594 1747 vix
625 1724 797 1751 consentiunt
821 1727 991 1752 recentiores
1022 1726 1170 1752 laborantes
1193 1726 1299 1753 diversa
1324 1733 1447 1754 veterum
1471 1730 1592 1754 testimo·

65 1767 108 1792 nia
126 1766 177 1791 sibi
194 1765 310 1790 invicem
326 1765 483 1792 conciliare.
517 1767 579 1794 Vid.
600 1769 734 1796 Stockman
754 1771 791 1796 ad
809 1770 891 1800 Bach.
919 1772 938 1799 l.
955 1772 975 1799 l.
1001 1779 1029 1805 p.
1046 1779 1089 1806 29.
1116 1778 1142 1799 et
1159 1772 1304 1800 Bouchaud
1317 1775 1336 1801 1.
1352 1775 1370 1802 1.
1389 1782 1416 1808 p.
1434 1782 1463 1802 21
1476 1792 1486 1807 ,
1515 1777 1591 1808 cujus

63 1813 108 1838 hic
123 1812 275 1838 sententiam
291 1812 403 1844 amplexi
421 1819 517 1840 sumus.

98 1857 177 1890 (29)
195 1858 234 1884 De
252 1859 377 1890 Oratore,
396 1859 418 1885 Ι.
431 1867 475 1892 44.
664 1861 747 1897 (30)
765 1863 870 1896 Livius,
889 1865 939 1892 ΙΙΙ.
957 1872 983 1892 c.
1000 1871 1042 1898 34.

95 1904 148 1936 (31
163 1903 178 1937 )
196 1903 249 1930 cff.
264 1903 355 1931 Baeh..
370 1906 388 1930 l.
408 1906 427 1931 l.
446 1914 473 1938 p.
487 1912 529 1938 33.
568 1907 734 1943 &theb-edus
755 1912 773 1938 1.
791 1912 809 1938 1.
827 1920 855 1945 p.
874 1918 932 1945 145.
951 1912 998 1938 ubi
1016 1913 1180 1946 fragmenta,
1200 1920 1266 1946 quae
1284 1920 1316 1940 ex
1337 1913 1445 1940 illorum
1461 1915 1581 1949 Jctorum

59 1951 171 1982 scriptis
197 1956 318 1979 exstant,
337 1950 491 1980 afferuntur.
528 1953 576 1979 His
592 1956 668 1981 etiam
694 1964 880 1985 annumeratur
899 1959 931 1984 ab
957 1965 991 1985 eo
1013 1959 1072 1987 Val-
1097 1959 1210 1987 liffessala
1234 1967 1268 1987 ex
1287 1962 1446 1988 auctoritate
1468 1962 1535 1988 Festi
1558 1963 1582 1987 in

58 2003 128 2022 voce
143 1998 260 2028 tuguria.

96 2041 111 2074 (
119 2049 149 2073 32
163 2041 176 2073 )
195 2041 245 2068 Cff.
260 2042 336 2067 etiam
353 2043 451 2069 Bavius
466 2045 581 2079 Voorda,
603 2049 689 2075 oratio
707 2050 737 2077 de
751 2056 810 2078 arte
829 2052 989 2085 legislatoria
1009 2061 1042 2081 ex
1053 2053 1155 2082 Tabulis
1176 2052 1346 2082 Romanorum
1371 2054 1580 2082 decemviralibus

61 2087 229 2120 comparanda
240 2105 248 2118 ‚
267 2088 451 2122 Franequerae
469 2092 545 2125 1763.

832 2144 896 2175 132
