1930 2448
290 107 326 136 98
647 103 689 133 G.
763 103 802 132 C.
871 100 1461 134 B.SURIN'GAR

280 210 298 224 ‚,
320 195 366 217 tur
390 185 534 217 cicatrice.
558 185 660 221 (4).”
702 185 800 223 Quum
830 193 923 214 autem
944 193 1001 215 non
1026 193 1137 220 semper
1163 186 1305 221 sufficiat,
1330 186 1407 222 quod
1431 192 1559 222 separata
1582 184 1736 220 uniantur,
1758 193 1808 214 ve-

282 250 343 268 rum
376 240 458 267 ctiam
486 244 580 274 partes
610 236 791 272 deperditae,
836 239 912 265 nova
944 237 1180 274 regeneratione,
1214 239 1343 276 suppleri
1376 240 1496 268 debcant
1528 239 1622 276 (5),
1657 238 1805 274 quaeritur

284 295 361 331 jam,
386 292 530 327 quomodo
548 291 615 318 liaec
636 290 809 326 regeneratio
830 290 896 325 fiat,
920 298 947 319 et
970 300 1004 320 an
1023 300 1120 320 revera
1141 292 1235 320 locum
1262 292 1365 320 habere
1393 290 1509 327 possit?
1552 290 1597 319 Ad
1617 290 1687 318 hanc
1706 289 1805 327 Quae-

283 344 405 372 stionem
429 342 649 378 respondentem
668 341 815 370 audiamus
842 342 1048 371 Boerhaavium
1063 352 1074 372 ε
1118 364 1135 379 ‚‚
1155 343 1306 380 Depurato
1324 358 1359 364 —
1374 344 1516 378 vulnere,
1540 342 1564 371 si
1585 343 1708 371 ablatum
1734 341 1805 377 quid

286 418 304 433 „
325 397 412 425 fuerit
436 397 470 425 de
493 404 634 432 corpore,
657 394 684 423 id
714 395 819 431 repleri
839 395 942 430 debet,
965 397 1094 432 generata
1117 395 1217 423 iterum
1240 394 1379 430 materia,
1402 394 1486 422 simili
1511 393 1650 430 perditae.
1692 393 1724 421 Id
1744 392 1800 429 fit,

282 468 303 485 ‚‚
324 447 348 476 si
372 446 493 483 primum
516 448 629 475 vascula
651 445 808 481 arteriosa,
839 447 1035 483 lymphatica,
1058 455 1180 476 nervosa
1207 453 1263 475 ete.
1295 446 1333 474 ita
1360 456 1391 475 se
1415 447 1543 481 habent,
1567 453 1598 474 ut
1619 454 1669 474 sua
1694 445 1803 481 liquida

282 519 301 534 „
325 498 401 527 bona
424 497 589 534 excipiant,
611 497 815 526 transmittant.
858 507 888 526 2.
918 497 949 526 Si
970 497 1110 533 liquidum
1138 498 1245 526 bonum
1267 499 1414 533 naturale,
1436 497 1531 526 debita
1556 497 1659 534 copia,
1682 503 1710 525 ct
1733 502 1801 532 apto

282 569 301 585 „
321 549 429 585 impetu
454 548 548 577 fertur
567 549 596 578 in
620 548 667 577 illa
690 557 757 577 vasa
778 548 859 586 (6).
903 548 957 576 His
987 549 1060 577 enim
1087 549 1136 578 fiet
1162 549 1301 578 canalium
1328 551 1566 584 vulneratorum,
1589 555 1799 583 retractorum,

282 620 301 636 ,‚
322 601 544 636 obturatorum,
567 608 821 636 compressorum,
838 598 897 627 fere
918 608 1107 628 exsuccorum
1121 620 1131 635 ,
1151 599 1304 636 impletio,
1326 600 1523 636 humectatio,
1545 601 1697 635 extensio,
1719 601 1801 628 elon-

281 672 300 687 „
321 651 419 688 gatio,
442 651 600 687 implicatio
629 659 692 678 cnm
721 649 845 685 vicinis,
867 650 1021 685 applicatio
1049 651 1083 679 ad
1104 651 1178 687 alia,
1202 661 1273 687 quae
1300 661 1334 680 ex
1355 652 1553 680 reticularibus
1576 652 1708 688 plexibus
1733 660 1803 688 pro-

280 724 299 740 „
320 704 448 740 pinqua,
472 710 500 731 et
525 712 580 739 ope
605 702 673 731 boni
697 702 819 738 liquidi,
839 702 1051 738 conglutinatio
1074 701 1154 738 (7).
1194 702 1235 731 Et
1259 703 1326 730 dum
1350 703 1418 730 haec
1441 702 1475 730 ab
1496 703 1573 730 omni
1599 709 1708 738 puncto
1733 701 1802 730 fun-

280 776 298 791 „
319 755 347 783 di
376 755 529 791 praecipue
553 760 580 781 et
607 755 746 789 laterum,
769 754 862 789 aequa
891 753 942 788 vi,
974 753 1059 782 simul
1093 753 1187 790 fiunt,
1216 754 1371 790 impletur,
1401 754 1434 782 ab
1463 754 1540 783 omni
1569 761 1647 790 parte
1671 754 1706 782 ad
1729 762 1796 783 cen-

279 827 300 843 „
321 813 395 834 trum
409 827 419 841 ,
442 806 546 834 cavitas
571 796 721 840 vulneris,
741 805 855 833 materie
882 805 974 834 solida
1007 812 1034 833 et
1060 805 1189 841 liquida,
1211 805 1324 834 amissis
1349 805 1472 833 simili.'²
1513 804 1628 843 Quibus
1648 813 1681 833 ex
1699 805 1800 841 Apho-

278 857 372 886 1‘ismis
397 856 502 886 confici
524 865 611 892 posse
637 856 773 893 videtur,
796 857 1003 886 Boerhaavium
1030 856 1175 893 propriam
1201 856 1294 886 carnis
1315 856 1557 892 regenerationem
1582 856 1750 885 assumsisse
1770 863 1802 885 et

275 909 421 937 docuisse.
464 908 544 944 Quae
571 908 733 943 sententia,
757 908 886 943 quamvis
913 917 928 937 a
952 909 1160 938 recentioribus
1185 910 1248 946 jure
1277 908 1395 937 limitata
1422 899 1483 944 sit,
1505 909 1677 944 comprobat
1702 915 1801 937 tamen

279 968 391 996 egreg1e
416 959 563 988 veritatem
598 960 739 997 illorum,
768 969 839 996 quae
862 959 928 988 alibi
950 961 1016 996 (8)
1044 960 1160 996 scripsit
1185 960 1401 989 Boerhaavius:
1444 981 1462 996 „
1483 962 1515 989 ln
1535 960 1666 989 sanandis
1683 961 1797 989 tandem

277 1032 294 1046 ‚‚
316 1009 423 1038 morbis
447 1010 638 1047 principatum
663 1011 775 1039 obtinet
800 1010 930 1046 Natura,
953 1020 1026 1047 quae
1047 1013 1167 1040 vulnera
1192 1020 1262 1048 pura
1290 1011 1349 1039 cito
1375 1011 1556 1046 consolidat,
1578 1017 1606 1039 et
1630 1019 1695 1039 ossa
1721 1010 1797 1040 frac-

277 1082 296 1097 ‚‚
318 1069 364 1097 ta,
386 1061 410 1090 si
437 1061 567 1090 minister
586 1062 721 1091 Medicus
745 1062 894 1099 peregrina
922 1063 1060 1098 sustulit,
1083 1069 1211 1098 separata
1233 1062 1262 1090 in
1287 1061 1373 1090 situm
1398 1063 1551 1090 naturalem
1578 1062 1732 1098 reposuit,
1753 1069 1798 1091 at·

274 1133 293 1148 ,‚
316 1122 371 1148 que
396 1120 510 1148 aptata,
534 1113 709 1148 quiescentia
732 1120 760 1142 et
780 1114 912 1142 humecta
932 1113 1051 1143 detinet.
1092 1114 1198 1143 Ulcera
1220 1114 1396 1150 deputantur
1424 1114 1488 1142 solo
1513 1111 1610 1149 genito
1634 1121 1726 1148 pure,
1748 1120 1798 1141 so-

276 1184 293 1199 „
315 1164 371 1192 lius
395 1164 522 1192 Naturae
548 1164 661 1194 sobole.
702 1165 784 1204 Quid
809 1172 889 1195 sanat
910 1165 1106 1196 inflammata?
1136 1166 1198 1194 sola
1221 1165 1353 1201 Natura,
1383 1163 1466 1194 febre
1491 1164 1657 1199 resolvens,
1689 1172 1798 1200 suppa·

273 1235 291 1251 ,‚
314 1223 378 1243 rans
401 1221 449 1243 aut
479 1216 653 1252 separans.”
1469 1215 1472 1217 ’

318 1266 373 1295 His
399 1267 510 1295 demum
533 1268 633 1296 addere
653 1267 735 1297 liceat
753 1268 1016 1305 Cupfferschmium
1035 1269 1182 1307 (1715),
1206 1267 1276 1304 qui',
1299 1273 1415 1297 notante
1431 1267 1571 1296 Portallio
1587 1267 1668 1304 (9),
1690 1268 1787 1303 plures

277 1317 463 1346 Anatomicas
490 1325 517 1346 et
547 1319 754 1356 Chirurgicas,
786 1320 820 1349 de
843 1322 992 1350 vulnerum
1020 1320 1251 1350 consolidatione
1273 1326 1300 1348 et
1321 1318 1448 1355 analogis
1484 1318 1682 1355 argumentis,
1712 1318 1792 1346 dedit

274 1367 492 1398 observationes
515 1373 623 1409 (ιο),
656 1380 727 1407 quas
748 1378 842 1401 autem
867 1380 912 1401 me
935 1381 987 1402 nec
1014 1374 1108 1409 legere
1129 1371 1283 1409 potuisse,
1314 1370 1417 1400 necin
1434 1370 1563 1400 Portallii
1582 1378 1668 1406 opere
1693 1368 1792 1398 brevi-

277 1425 321 1448 ter
345 1419 482 1450 indicatas
507 1420 651 1451 invenisse
673 1422 773 1452 doleo.

535 1500 564 1535 §·.
607 1509 641 1528 2.
679 1500 712 1529 C.
733 1500 883 1537 llffagatur
900 1509 989 1538 1733.
1012 1501 1148 1532 Guisard
1163 1508 1250 1538 17352.
1280 1500 1431 1530 Schalziass
1446 1508 1531 1538 1735.

308 1572 465 1609 Postquam
490 1575 524 1602 de
550 1576 680 1611 duplici,
710 1585 768 1612 quo
796 1578 914 1605 vulnera
941 1585 1095 1613 sanantur,
1126 1577 1256 1606 Naturae
1280 1578 1365 1606 modo
1383 1578 1470 1613 (ιι)
1498 1584 1526 1605 et
1551 1576 1586 1605 de
1610 1576 1694 1606 variis
1722 1585 1788 1614 par·

272 1623 343 1651 tium
362 1624 599 1662 conditionibus,
621 1626 727 1662 quibus
741 1627 795 1664 fit,
819 1627 904 1664 quod·
914 1629 959 1657 vel
976 1630 1043 1657 vera
1059 1629 1166 1657 unione
1184 1630 1346 1657 coalescant
1360 1649 1369 1663 ,
1395 1629 1445 1657 vel·
1459 1636 1511 1664 per
1529 1627 1681 1656 remedium
1699 1627 1791 1663 quod'·

274 1674 337 1703 dam
363 1682 527 1705 extraneum
557 1678 771 1715 conjungantur
799 1680 912 1717 (12),
941 1679 1100 1715 disputavit
1127 1679 1284 1716 Magatus,
1314 1680 1356 1708 de
1378 1680 1529 1708 vulnerum
1564 1677 1791 1715 agglutinatione

1744 1738 1792 1759 se·-

301 1806 370 1840 (4)
395 1809 455 1836 Vid.
481 1811 499 1836 1.
518 1817 542 1837 c.
569 1805 596 1840 §-
619 1812 674 1843 158·-
827 1809 892 1846 (ς)
918 1811 978 1839 κῆαι
1004 1813 1074 1846 Aph.
1095 1814 1152 1846 158².
1306 1812 1374 1846 (⁶)
1401 1811 1464 1839 vid}
1488 1811 1593 1845 Aphor.
1614 1812 1670 1845 18¹9.

299 1853 365 1887 (Ζ)
393 1855 455 1882 Vid.
482 1857 585 1889 Aphor.
606 1861 662 1889 ¹9³.

301 1901 367 1934 (8)
393 1903 454 1929 Vid.
479 1903 514 1930 H.
534 1904 710 1934 Boerhaave‚
729 1911 818 1930 sermo
839 1906 1013 1932 Academicus
1052 1906 1085 1932 de
1103 1908 1213 1934 Honore
1236 1906 1341 1933 Medici
1363 1907 1496 1933 Servitute
1524 1906 1558 1932 L.
1578 1906 1610 1932 Β’.
1635 1910 1716 1939 1731.Ἴ

303 1948 371 1981 (9)
392 1947 452 1974 Vid.
472 1949 592 1976 Histoire
612 1950 822 1977 de·1'A-natomie
836 1952 905 1978 etde
923 1954 945 1978 la
962 1955 1109 1986 Chirurgie
1129 1954 1256 1981 Tom.V..
1269 1954 1339 1980 Paris
1358 1961 1432 1988 1770.
1451 1961 1510 1987 pag.
1528 1954 1586 1986 656.

295 1993 376 2028 (ιο)
394 1995 456 2021 Vid.
475 1996 593 2022 Diatribe
611 1996 723 2022 Medico
736 1998 916 2031 chirurgica,
935 1999 968 2025 d'e
986 2001 1111 2027 Machina
1129 2001 1239 2026 h‘umana
1256 2000 1366 2033 ejusque
1385 2000 1677 2032 conservatione·1715.
1691 2005 1754 2032 4toa.

298 2041 380 2075 (11)
401 2040 464 2068 V1d2.
483 2042 576 2067 Caesar
593 2043 716 2075 Magatus
734 2043 766 2071 de
781 2046 843 2071 rarai
856 2045 1049 2074 Medicatione
1063 2048 1217 2074 Vulnerum·
1230 2047 1292 2075 Lib.
1302 2047 1324 2075 1.
1343 2048 1410 2080 Cap,
1427 2047 1498 2073 XIV.
1515 2052 1623 2080 pag,73‚·

297 2088 383 2123 (m),
398 2089 417 2115 1·
435 2095 460 2115 e·
480 2095 605 2121 paga-74*
