1930 2448
392 107 624 139 RESPONSIO
653 116 696 139 AD
725 107 1036 147 QUAESTIONEM
1063 109 1391 143 THEOLOGICAM.
1625 127 1661 157 19

180 192 243 230 Jam
263 200 334 222 vero
354 200 418 220 cum
441 192 499 221 hoc
515 191 654 229 agendum
680 199 744 228 est,
765 192 867 229 ingens
892 192 1006 229 quidem
1028 202 1121 224 metus
1146 201 1231 231 atque
1251 196 1337 225 timor
1357 205 1402 225 me
1424 197 1458 225 de
1480 206 1550 227 sano
1575 199 1661 229 animi

143 251 220 275 statu
244 251 356 274 tantum
381 254 442 275 non
469 246 616 275 detrudit:
638 255 702 276 nam
728 247 779 276 hac
807 249 915 283 lupus,
936 247 988 275 hac
1012 247 1089 275 canis
1117 253 1212 283 urget.
1256 247 1333 276 Hinc
1357 248 1426 276 mira
1448 248 1660 286 interpretatio·

141 305 209 327 num
230 304 410 332 commenta,
441 306 512 333 quae
531 297 674 334 Analogia
703 298 850 327 doctrinae
875 298 1000 327 adhibita
1022 299 1133 334 prolata
1159 294 1248 334 sunt,
1274 298 1367 327 oculis
1395 300 1503 329 nostris
1526 310 1589 330 sese
1614 303 1662 331 of-

139 347 248 377 ferunt.
289 348 337 377 Ab
357 350 443 377 altera
465 356 544 385 parte
569 349 633 383 illi,
657 350 707 385 qui
727 350 871 378 literarum
900 349 1002 378 studiis
1023 349 1188 378 restauratis
1214 349 1242 378 id
1274 349 1401 378 studiose
1428 359 1568 388 egerunt,
1590 360 1622 383 ut
1643 363 1659 382 a

137 399 309 436 Dogmatica
332 400 568 436 interpretatione
596 400 794 429 abstinendum
821 409 883 429 esse
918 400 1165 435 demonstrarent,
1197 409 1368 436 omnemque
1392 402 1550 439 Analogiae
1572 413 1656 434 usum

137 449 172 478 ab
205 449 441 487 interpretatione
463 451 631 488 longissime
655 459 859 488 removerent,
880 451 1034 481 adversarii
1051 450 1185 487 profecto
1215 460 1275 480 non
1302 453 1524 489 contemnendi,
1546 455 1657 491 agmine

138 501 217 531 facto
241 502 395 539 insurgunt
416 509 443 531 et
468 502 621 539 confligare
650 502 805 531 minantur.

177 553 235 581 Sed
262 554 376 589 quando
400 553 553 582 nobiscum
580 553 757 590 cogitamus,
788 554 908 582 abusum
940 562 1000 583 non
1023 555 1125 582 tollere
1150 562 1258 590 usum,
1288 554 1374 590 idque
1403 555 1568 585 hominibus
1593 566 1656 586 esse

132 605 307 641 proprium,
328 605 389 634 fere
414 605 534 634 dixerim
557 605 706 634 hominum
735 612 852 634 naturae
874 605 1013 641 insitum,
1044 612 1077 634 ut
1103 605 1134 634 in
1158 612 1283 634 extrema
1307 613 1408 642 ruant,
1439 614 1544 636 metum
1570 609 1655 637 tradi-

134 663 198 684 mus
218 656 362 692 protervis
383 656 414 685 in
437 665 513 685 mare
539 656 686 686 Creticum
708 663 824 692 portare
848 657 963 691 ventis,
993 663 1021 685 et
1048 657 1142 685 animo
1175 657 1330 692 tranquillo
1355 658 1500 694 pergimus
1525 660 1559 688 ad
1582 660 1653 689 illud

132 705 337 743 interpretandi
358 708 519 736 subsidium
543 707 773 744 defendendum,
797 717 812 736 e
831 710 915 745 cujus
940 717 1018 743 usu,
1038 708 1124 746 justis
1143 708 1271 737 terminis
1296 707 1514 745 circumscripto
1528 731 1538 745 ,
1564 711 1651 740 Sacro

129 756 256 792 Codici,
278 759 372 788 omnis
391 768 476 789 verae
491 759 647 796 sapientiae
664 758 761 796 fonti,
790 761 840 788 lux
860 759 968 788 affundi
990 769 1077 796 posse
1097 759 1247 795 videatur;
1272 767 1366 794 eoque
1392 760 1510 789 alacrius
1537 762 1571 789 ad
1595 763 1650 791 hoc

131 817 207 845 opus
227 817 281 838 nos
307 810 504 847 accingimus,
527 820 585 847 quo
607 811 714 840 certius
735 811 821 840 nobls
839 811 876 839 sit
893 819 1081 847 persuasum,
1106 810 1170 840 fore
1194 817 1226 839 ut
1251 811 1326 846 Cap.
1344 811 1398 839 111.
1421 819 1575 847 appareat,
1598 822 1651 841 nos

129 859 247 889 minime
268 860 362 890 facere
388 871 452 891 cum
475 863 531 899 iis,
563 862 614 898 qui
640 862 700 891 sive
729 862 808 898 turpi
833 862 984 898 socordia,
1013 863 1074 892 sive
1104 863 1179 891 malo
1202 861 1326 891 consilio
1348 861 1448 898 ducti,
1481 862 1649 899 interpreta-

126 911 235 942 t10nem
260 913 504 950 Grammaticam,
533 914 645 943 unicam
673 913 750 943 illam
782 912 911 942 veritatis
938 914 968 943 in
1000 913 1095 943 Sacris
1130 913 1212 943 libris
1245 913 1431 950 reperiundae
1466 915 1648 952 magiStram,

128 964 213 994 nauci
232 964 377 1000 floccique
397 965 514 994 faciant.

167 1015 225 1044 Sed
247 1016 276 1045 in
293 1016 368 1045 viam
389 1017 560 1052 redeamus,
583 1022 610 1045 et
636 1016 796 1052 rationem,
820 1024 903 1052 quam
928 1016 959 1045 in
977 1016 1029 1044 hac
1054 1024 1085 1044 re
1110 1015 1217 1052 agenda
1241 1015 1336 1045 animo
1359 1016 1538 1052 propositam
1563 1016 1649 1046 habe-

127 1074 211 1102 mus,
235 1068 430 1103 explanemus.

167 1117 350 1146 conabimur
374 1117 462 1153 igitur
493 1116 587 1153 illud,
617 1117 696 1153 quod
719 1117 897 1154 probandum
920 1117 1007 1146 nobis
1030 1115 1191 1152 incumbit,
1220 1116 1273 1145 hae
1299 1117 1345 1146 via
1375 1118 1505 1154 efficere,
1531 1127 1563 1148 ut
1588 1120 1647 1156 pri—

125 1177 205 1198 mum
228 1168 322 1197 dedita
345 1176 432 1204 opera
454 1169 702 1203 demonstremus,
723 1169 873 1205 interpreti
897 1168 1068 1204 Analogiam
1093 1167 1240 1196 doctrinae
1263 1167 1383 1196 maxime
1406 1170 1564 1206 prodesse,
1586 1171 1644 1200 imo

122 1227 191 1247 eum
213 1217 374 1254 AnalogIae
400 1227 456 1247 usu
481 1220 613 1256 neglecto
643 1218 672 1248 in
693 1220 791 1248 multis
819 1218 894 1248 locis
919 1228 978 1248 non
1004 1228 1039 1248 eo
1067 1218 1216 1255 pervenire
1236 1226 1344 1255 posse,
1368 1228 1447 1256 quo,
1471 1228 1503 1249 ut
1520 1221 1642 1252 vidimus

124 1270 202 1306 Cap.
224 1271 248 1298 I.
282 1270 312 1306 §.
331 1277 359 1298 1.
389 1268 479 1298 Obss-
499 1279 529 1299 2.
552 1276 580 1298 et
600 1280 631 1307 4.
654 1270 680 1299 ei
703 1278 746 1300 est
769 1272 954 1301 tendendum.
996 1271 1073 1300 Dein
1098 1271 1169 1299 illud
1188 1279 1325 1307 agemus,
1348 1278 1379 1300 ut
1403 1273 1494 1308 palam
1511 1273 1577 1309 fiat,
1599 1274 1643 1303 in-

119 1328 276 1359 terpretem
299 1320 440 1349 librorum
461 1321 637 1358 Sacrorum,
666 1323 716 1358 qui
734 1323 904 1361 Analogiam
921 1322 1067 1352 doctrinae
1090 1322 1245 1358 adhibeat,
1279 1321 1352 1351 nihil
1383 1322 1476 1352 facere
1506 1326 1583 1360 quod
1605 1327 1640 1355 ab

117 1374 198 1403 illius
221 1380 339 1402 munere
362 1373 410 1401 vel
429 1381 553 1409 persona
573 1373 737 1404 abhorreat.

341 1450 371 1486 §.
394 1458 423 1478 2.
465 1448 576 1478 Rerum
593 1452 751 1488 cognitione
769 1457 834 1489 opus
854 1458 893 1481 est
912 1452 944 1481 in
963 1451 1045 1480 libris
1064 1452 1161 1480 Sacris
1179 1450 1417 1489 interpretandis.

159 1526 190 1556 Si
210 1526 257 1555 cui
281 1525 358 1554 forte
377 1526 468 1562 illud,
492 1527 570 1562 quod
590 1526 677 1557 nobis
702 1528 881 1565 probandum
906 1529 1067 1564 sumimus,
1088 1527 1245 1557 celebrium
1271 1528 1458 1565 interpretum
1484 1531 1637 1561 auctorita-

117 1585 148 1608 te
171 1577 358 1606 muniendum
380 1586 443 1605 esse
469 1577 620 1615 videatur,
643 1589 709 1616 prae
736 1580 855 1609 caeteris
882 1579 1035 1616 plurimis,
1062 1579 1112 1615 qui
1140 1579 1170 1608 in
1202 1579 1274 1608 hanc
1302 1580 1470 1608 sententiam
1496 1581 1633 1618 iverunt,

114 1639 237 1666 eamque
264 1638 317 1658 suo
348 1629 456 1666 singuli
486 1631 572 1659 modo
599 1639 796 1668 exornarunt,
827 1631 961 1660 Ernestii
990 1630 1122 1667 inprimis
1153 1630 1239 1659 nobis
1267 1632 1531 1661 commemorandus
1559 1641 1634 1662 esset

114 1689 298 1715 consensus,
328 1681 389 1717 ejus
418 1680 474 1709 viri
503 1681 574 1717 qui,
603 1689 635 1711 ut
661 1684 736 1720 Cap.
755 1684 781 1712 Ι.
810 1683 958 1718 vidimus,
988 1691 1104 1711 sensum
1129 1682 1284 1710 verborum
1311 1691 1370 1711 non
1398 1690 1412 1710 e
1443 1683 1528 1712 rebus
1552 1685 1635 1713 colli·

114 1732 263 1769 gendum,
285 1731 336 1759 sed
358 1739 404 1759 res
433 1731 534 1768 potius
558 1741 573 1760 e
597 1734 693 1763 verbis
717 1742 874 1769 eorumque
898 1741 954 1761 usu
982 1733 1198 1769 cognoscendas
1219 1741 1301 1768 esse,
1325 1742 1479 1769 numquam
1503 1744 1561 1763 non
1582 1736 1633 1764 do-

113 1782 177 1812 cuit
198 1789 226 1811 et
250 1781 425 1819 gravissimis
450 1784 623 1820 argumentis
646 1784 866 1815 demonstravit.
908 1786 943 1813 In
967 1793 1026 1820 quo
1053 1791 1147 1813 tamen
1173 1784 1402 1813 testimoniorum
1429 1793 1533 1822 genere
1558 1795 1633 1822 quo-

111 1834 188 1864 niam
203 1843 335 1864 veremur
358 1841 390 1863 ut
415 1834 458 1863 illi
476 1835 678 1872 acquiescant,
701 1838 751 1874 qui
774 1846 834 1867 non
851 1836 1072 1866 auctoritatibus
1091 1836 1297 1873 pugnandum,
1319 1836 1370 1864 sed
1395 1837 1553 1866 rationibus
1572 1837 1631 1866 dis·-

112 1885 266 1914 serendum
291 1884 472 1921 existimant,
495 1895 553 1915 rem
578 1894 704 1916 nostram
727 1896 844 1925 agemus
868 1887 1064 1925 argumentis,
1089 1895 1160 1923 quae
1186 1887 1271 1916 ducta
1294 1894 1362 1916 sunt
1385 1895 1419 1916 ex
1447 1887 1539 1924 ipsius
1569 1890 1630 1919 Co-

114 1936 187 1967 dicis
210 1936 290 1966 Sacri
312 1935 410 1965 indole
435 1938 580 1975 modoque
603 1939 751 1969 universo.

151 1988 178 2018 1.
208 1988 305 2018 Nemo
328 1995 451 2025 auctor,
479 1989 536 2018 nisi
568 1990 618 2027 qui
649 1991 727 2020 forte
753 1991 860 2021 scribat
885 1991 914 2021 in
938 1999 1094 2029 puerorum
1125 1988 1242 2027 gratiam
1270 1998 1425 2026 eorumve,
1455 1991 1504 2027 qui
1533 2001 1626 2021 rerum

111 2040 198 2078 plane
227 2040 313 2070 rudes
338 2039 419 2076 sint,
447 2040 500 2070 hac
528 2042 591 2080 lege
623 2042 713 2072 teneri
737 2043 945 2073 existimandus
970 2049 1038 2078 est,
1067 2048 1101 2071 ut
1127 2041 1219 2080 ipsius
1244 2041 1282 2070 sit
1305 2041 1418 2079 singula
1446 2042 1531 2071 verba
1554 2043 1628 2072 inter

935 2095 962 2125 C
985 2106 1004 2126 2
1561 2104 1626 2132 pre-
