1930 2448
294 129 347 151 100
648 114 691 147 G.
756 114 1449 152 C.13.SUR1NGAR

297 211 380 239 mus,
405 201 474 239 quid
499 207 533 228 ex
560 199 622 236 ipsa
649 199 695 228 illa
712 200 831 236 lympha
850 199 1020 237 coagulabili
1047 199 1169 236 parciori
1193 199 1260 234 fiat,
1283 206 1311 228 et
1333 201 1478 236 quomodo
1504 201 1615 230 Natura
1639 208 1805 238 monstret,

296 254 393 292 paucis
412 263 443 282 se
466 260 582 289 quoque
608 257 770 279 contentam
796 260 878 286 csse,
901 258 928 280 et
948 260 963 279 e
983 251 1077 288 parvis
1105 260 1134 280 se
1156 260 1255 288 magna
1277 260 1363 288 posse
1388 253 1522 283 formare.
1565 254 1664 282 Hzlcce
1688 254 1806 290 lympha

297 304 469 342 coagulabili
494 304 648 340 cinguntur
668 303 873 338 vasculorum,
895 311 909 331 a
930 303 1035 338 quibus
1061 304 1238 339 secernitur,
1260 311 1403 339 extrema,
1425 310 1453 333 et
1473 304 1510 333 ita
1535 305 1647 341 quidem
1661 325 1671 340 ,
1694 311 1725 333 ut
1741 311 1810 341 post

297 356 416 392 aliquod
455 362 568 391 tempus
600 354 708 382 lumina
740 354 843 382 borum
875 363 1008 383 vastorum
1041 356 1159 391 lympha
1186 356 1254 392 illa,
1288 356 1413 393 capitelli
1442 356 1588 392 adinstar,
1627 356 1810 393 obtegantur.

297 408 418 445 Singula
440 416 541 442 nunc,
563 406 691 442 exceptis
717 405 796 441 illis,
820 414 891 441 quae
914 406 979 442 puri
1006 407 1181 436 secernendo
1206 407 1385 443 inserviunt,
1414 407 1444 437 in
1469 409 1590 437 vulnere
1617 407 1722 436 hiantia
1746 416 1811 436 vas-

299 461 362 489 cula
376 479 386 495 ,
408 459 542 495 capitello
570 458 621 486 tali
646 463 742 492 tecta,
765 463 793 484 et
814 457 959 492 lympham
983 459 1188 494 coagulabilcm
1210 467 1388 496 praesentem
1406 459 1615 496 percipientia,
1636 469 1688 489 seu
1708 467 1811 489 terram

300 509 474 541 invenientia
496 508 640 544 fertilem,
665 507 694 536 in
719 516 801 543 quam
828 507 937 536 radices
964 509 1094 537 emittere
1121 510 1254 547 possint,
1287 512 1416 540 eumdem
1440 511 1595 541 instituunt
1621 510 1813 547 vegetationis

298 571 490 600 processum,
521 569 605 597 quem
642 558 715 588 infra
748 558 816 587 satis
849 559 1037 595 descripsisse
1071 567 1219 597 putamus.
1269 562 1413 591 Nimirum
1450 562 1581 599 capitella
1611 562 1660 591 illa
1688 562 1815 591 albidum

299 615 394 652 primo
420 615 549 642 colorem
576 610 749 646 referentia,
778 619 846 638 mox
870 611 1029 642 rubicunda
1055 614 1144 651 magis
1170 616 1314 650 evadunt,
1335 624 1468 645 carneum
1494 616 1640 652 accipiunt
1664 617 1813 650 colorem,

301 674 328 695 et
343 687 352 702 ,
380 672 412 694 ut
438 664 534 694 brevis
557 665 631 699 sim,
654 663 747 692 omnia
766 669 926 692 monstrant
948 673 1083 694 vasorum
1106 666 1332 702 pei-reptantium
1358 666 1479 697 indiciaz
1501 667 1580 702 quod
1605 666 1630 695 si
1655 666 1816 695 obtinuerit

300 720 416 753 locum,
449 717 664 745 caruncularum
696 713 812 743 nomine
839 714 970 752 insigniri
997 719 1104 747 solent.
1153 717 1278 747 Noviter
1303 718 1351 747 illa
1376 724 1509 755 generata
1532 727 1599 747 vasa
1629 718 1815 754 sanguifera,

302 778 374 805 quae
401 777 452 804 per
479 768 660 796 carunculam
687 772 735 794 aut
763 774 887 802 novam,
917 769 993 797 carni
1025 769 1167 805 similem,
1197 769 1385 798 substantiam
1410 770 1590 806 decurrunt,
1619 768 1824 805 serpentinum*

303 828 417 849 servare
443 819 578 848 videntur
599 818 734 852 ductum,
757 823 865 853 atque,
887 818 911 846 si
934 819 1033 848 subtili
1054 820 1219 858 injectionis
1243 821 1359 850 materie
1378 823 1563 858 repleantur,
1591 821 1698 850 elevata
1726 828 1819 856 punc·

303 878 352 906 ta,
384 870 431 899 hic
467 870 656 905 rotundiora,
687 868 745 897 illic
772 867 802 898 in
829 868 948 898 lineolas
983 878 1123 908 extensa,
1152 873 1187 900 ad
1214 872 1322 901 nudum
1349 874 1466 902 oculum
1494 866 1661 901 ostendunt.
1710 870 1823 899 Eadem*
1862 862 1867 867 ’

303 922 372 950 haec
392 930 462 951 vasav
480 928 538 951 arte
555 923 683 958 repleta,
706 920 730 949 si
752 921 787 949 ad
803 922 925 950 oculum>
937 929 1073 953 armatum
1093 923 1307 961 examinentur,
1330 924 1490 962 anguillas,
1513 922 1680 960 serpentina
1693 930 1735 954 ‚ac
1757 928 1819 950 tor·-

304 974 390 1001 tuosa
411 973 566 1009 multiplici
587 972 799 1002 convolutione
818 973 990 1009 conspicuas
1003 996 1012 1011 ‚
1035 977 1231 1012 aemulantur,
1253 977 1296 1005 uti
1321 977 1454 1014 egregie,
1474 975 1503 1005 in
1522 973 1716 1011 experimento
1735 980 1751 1001 a
1769 972 1819 1001 Cl.

304 1024 495 1061 Brugmansio
514 1024 671 1059 insutum,
699 1033 729 1052 se
753 1024 860 1053 vidisse
883 1032 1005 1055 testatur
1025 1027 1115 1057 Doct.
1137 1037 1192 1057 van
1208 1029 1314 1058 Hoorn
1336 1029 1434 1065 (36).
1474 1026 1624 1056 Exhibent
1647 1025 1698 1053 hae
1719 1032 1823 1052 carun-

305 1078 385 1105 culae
409 1085 515 1113 parva,
537 1075 726 1112 irregularia,
749 1076 893 1114 profunde
917 1078 1003 1107 rubra
1024 1081 1162 1115 punctula
1190 1087 1238 1109 aut
1262 1080 1391 1109 minimas
1416 1078 1498 1115 quasi
1522 1078 1615 1107 carnis
1640 1075 1818 1112 particulas,

307 1137 379 1164 quae
406 1136 463 1164 quo
489 1127 615 1156 minores
637 1134 725 1163 sunt,
748 1136 781 1156 eo
807 1129 964 1164 perfectior
990 1131 1095 1159 dicitur
1117 1132 1290 1168 granulatio.
1333 1131 1470 1160 Notandav
1497 1136 1592 1158 autem
1619 1126 1750 1164 inprimis
1777 1132 1821 1154 est

306 1179 418 1207 illarum
438 1178 621 1214 inaequaHs,
643 1178 707 1206 ssori
726 1179 872 1208 Brassicae
896 1181 1058 1210 cauliflorae
1082 1184 1201 1219 analoga
1218 1183 1277 1219 (37
1291 1185 1323 1219 ),
1347 1182 1538 1219 superficies,
1570 1188 1650 1216 quae·
1666 1187 1700 1207 ex
1720 1187 1823 1208 vascu-

307 1233 400 1260 lorum
435 1231 639 1267 minimorum,
671 1232 841 1260 carunculas
873 1233 1102 1269 perreptantium
1130 1234 1269 1263 continuo
1301 1242 1429 1262 crescere
1464 1231 1650 1270 pergentibus
1683 1227 1819 1258 extremis

310 1281 618 1318 explicandavidetur.
661 1281 739 1311 Vasa
762 1283 919 1320 nimirum,
943 1284 973 1314 in
995 1285 1158 1321 capitellum
1177 1295 1260 1314 suum
1280 1293 1329 1315 aut
1353 1287 1533 1314 carunculam
1556 1283 1695 1313 radiculas
1719 1280 1825 1309 immit-

308 1333 416 1369 tentia,
438 1333 578 1362 continuo
604 1340 737 1370 vegetare
760 1335 847 1371 (38)
867 1343 1010 1372 pergunt,
1034 1337 1072 1366 ita
1097 1344 1129 1366 ut
1150 1337 1184 1366 in·
1204 1337 1307 1373 quavis
1333 1337 1383 1365 tali
1409 1336 1562 1366 caruncula
1589 1335 1752 1364 innumerae
1778 1332 1823 1360 in-

309 1385 461 1414 veniamur
488 1385 670 1414 minimorum
698 1387 881 1414 vasculorum
907 1394 1113 1418 anastomoses.
1161 1389 1287 1418 Vascula
1315 1389 1383 1416 haec
1407 1387 1523 1416 minima
1542 1387 1605 1423 ipsa
1628 1386 1739 1414 demum
1769 1391 1833 1411 nor

309 1445 373 1465 uam
395 1436 540 1472 lympham
564 1436 771 1473 coagulabilem
799 1436 924 1466 formare
948 1438 1090 1475 incipiunt
1111 1440 1167 1477 (39
1181 1441 1217 1477 ).,
1247 1441 1304 1476 qua
1330 1440 1448 1474 eodem,
1479 1447 1565 1474 quem
1594 1434 1837 1472 descflpsimus,·

310 1488 396 1515 modo
425 1494 566 1517 utuntur:
600 1487 657 1516 imo
682 1494 815 1517 auctores
844 1490 966 1525 volunt,
989 1490 1050 1527 ipsa
1073 1500 1148 1520 nova
1175 1492 1244 1520 haec
1267 1492 1384 1520 vascula
1407 1490 1472 1527 puri
1502 1498 1620 1525 quoque
1646 1486 1832 1517 secernendo>

310 1538 465 1566 inservire„
509 1539 662 1577 Quidquid
688 1545 781 1567 autem
804 1540 858 1568 hac
881 1541 916 1569 de
944 1550 973 1568 re
998 1542 1058 1577 sir,
1087 1549 1197 1571 certum
1219 1549 1281 1578 est,
1313 1542 1392 1578 quod
1416 1542 1604 1575 carunculae,
1637 1547 1708 1575 quae
1731 1538 1824 1574 primo

311 1595 456 1625 separatae
479 1595 570 1625 sunt,
599 1589 706 1618 sensim
740 1590 774 1617 ad
807 1598 838 1618 se
863 1590 986 1619 invicem
1013 1594 1168 1629 accedant,
1197 1595 1275 1630 quod
1299 1602 1366 1623 vasa
1393 1591 1555 1628 sanguifera
1581 1599 1649 1619 mox
1677 1598 1711 1618 ex
1732 1589 1822 1617 altera

309 1640 464 1669 caruncula
485 1640 515 1669 in
536 1642 652 1669 alteram
677 1646 845 1677 transeant,
870 1642 949 1677 quod
974 1643 1104 1680 singulae
1130 1646 1322 1680 carunculae,
1344 1645 1401 1673 hoc
1429 1643 1538 1678 modo,
1563 1640 1716 1677 multiplici
1739 1647 1833 1668 vaso-⁴

312 1699 380 1720 rum⁴
402 1691 576 1721 anastomosi
608 1700 705 1721 secum
728 1691 851 1727 invicem
876 1695 1105 1732 conjungantur,
1136 1702 1164 1725 et
1189 1696 1269 1733 quod
1293 1696 1427 1731 demum,
1459 1694 1527 1723 dum
1551 1691 1658 1723 sensim
1684 1691 1738 1720 sub
1770 1690 1833 1718 hac*

1162 1760 1166 1761 ⁷
1761 1749 1836 1777 ope-r

348 1825 430 1860 (36)
449 1827 522 1853 D⁷ss.
541 1828 610 1854 laud.
635 1835 695 1861 pag.
710 1829 753 1859 84.

347 1881 359 1905 k
372 1873 430 1906 37)
450 1874 561 1899 Meckel
587 1875 734 1900 Handbuch
751 1879 805 1901 etc.
827 1874 855 1901 11
875 1876 952 1902 Theil
975 1883 1020 1903 ate
1040 1876 1159 1905 Abtheil.
1182 1884 1241 1911 pag.
1259 1884 1310 1909 392-
1333 1908 1336 1909 ⁷

349 1919 427 1952 (38)
447 1920 500 1946 Les
519 1921 691 1953 granulations
710 1920 818 1947 tendent
833 1923 953 1955 toujours
973 1931 1033 1951 vers
1052 1928 1074 1951 la
1092 1934 1161 1959 pean
1173 1945 1181 1957 ,
1199 1933 1232 1951 ce
1252 1927 1297 1958 qui
1316 1931 1356 1951 est
1374 1928 1544 1950 exactement
1560 1922 1686 1952 analogue
1707 1925 1718 1944 a
1736 1919 1759 1944 la
1775 1918 1821 1944 ve'-

317 1966 449 1995 getati0n3
469 1973 513 1991 car
537 1968 575 1992 les
593 1968 692 1999 plantes
713 1968 840 1994 croissent
856 1970 979 2002 touJ'ours
992 1979 1039 2005 par
1060 1979 1119 1999 tout
1142 1973 1176 1999 du
1201 1979 1294 1998 centre
1313 1972 1345 1997 de
1364 1973 1387 1997 la
1405 1978 1473 1997 terre
1490 1975 1549 1996 vers
1568 1969 1592 1993 la
1608 1966 1732 1993 surface:
1750 1965 1828 1999 John*

318 2010 419 2036 Huuter
437 2012 526 2038 Traite
546 2019 599 2039 etc.
616 2013 682 2039 Vol.
700 2012 750 2041 111.
773 2022 832 2046 pag.
851 2023 908 2047 192.

353 2055 434 2090 (39)
451 2071 487 2077 —
503 2077 520 2090 ,‚
539 2059 556 2082 il
577 2064 619 2084 est
635 2066 679 2089 par
696 2066 864 2092 consequant
879 2063 1042 2089 raisonnable
1064 2063 1097 2090 de
1114 2071 1263 2098 supposer‚
1281 2071 1348 2097 quae
1372 2066 1396 2090 la
1417 2069 1507 2090 nature
1530 2061 1576 2087 des
1595 2060 1731 2086 vaisseaux
1756 2057 1834 2082 n’est2

318 2121 343 2135 „.
354 2110 398 2136 pas
421 2105 521 2131 alteree
543 2112 575 2131 en
592 2106 708 2132 formant
728 2106 767 2132 les
783 2107 981 2140 granulations'’
1000 2116 1054 2139 enzer
1095 2112 1286 2139 Hu11ter..1..e.
1313 2117 1459 2145 paga-1974
