1930 2448
375 137 604 168 ‘RESPONSIO
629 147 672 168 Au
701 138 1008 178 QUAESTIONEM
1038 138 1366 171 THEOLOGICAM.
1619 146 1640 177 5

448 414 785 452 CAPUT
891 415 1314 455 PRIMUM.

168 528 209 549 DE
231 525 545 549 INTERPRETATIONE
577 523 747 545 LIBRORUM
768 523 942 546 SACRORUM
963 525 997 545 IN
1018 525 1233 554 UNIVERSUM,
1265 526 1309 547 ET
1330 525 1372 546 DF,
1393 524 1526 547 DIVINAE
1551 524 1594 547 118

584 586 752 608 TRADITAE
780 587 975 609 DOCTRINAE
995 588 1174 610 ANALOGIA.

372 731 402 767 §-
426 736 452 761 1.
494 728 541 758 De
558 730 794 768 interpretatione
812 729 950 759 librorum
969 740 1115 761 sacrorum
1135 732 1166 759 in
1186 732 1360 761 universum.

123 803 261 881 Quum
281 839 380 861 eorum
397 830 469 859 ratio
488 829 606 859 omnino
625 831 770 867 probanda
787 831 917 861 videatur
929 852 940 869 ‚
965 832 1015 868 qui
1033 832 1236 869 praecipiunt,
1260 840 1372 861 omnem
1390 830 1612 868 disputationem
1625 852 1635 868 ,

124 894 198 922 quae
213 884 259 912 via
275 892 307 912 ac
326 882 436 912 ratione
455 880 650 918 suscipiatur,
672 882 707 911 ab
727 884 788 920 ejus
804 884 864 920 rei,
887 884 923 913 de
944 894 999 920 qua
1015 885 1129 922 agitur,
1150 884 1318 913 definitione
1338 883 1487 920 proficisci
1507 883 1609 911 debere
1622 903 1633 918 ‚

121 945 159 967 ne
185 937 246 973 ejus
267 934 313 964 vis
334 941 362 962 et
384 934 466 963 notio
491 934 630 969 fluctuet,
652 940 680 962 et
705 934 759 962 sub
780 943 839 963 uno
862 935 978 971 quidem
997 937 1157 972 eodemque
1175 935 1292 964 nomine
1313 935 1391 963 haud
1411 941 1505 964 tamen
1521 935 1556 963 de
1581 942 1637 963 una

122 988 279 1022 eademque
295 994 326 1013 re
344 984 526 1020 disputetur,
547 984 754 1020 praemittimus
770 985 967 1015 definitionem
986 986 1243 1023 interpretationis.

160 1038 241 1077 Quid
259 1037 297 1066 sit
318 1037 527 1074 interpretari,
547 1035 660 1064 monuit
675 1035 711 1072 J.
732 1035 774 1065 A.
795 1036 916 1064 Ernesti
928 1056 938 1071 ‚
959 1037 989 1065 in
1009 1036 1106 1066 Instit.
1128 1037 1258 1074 Interpr.
1278 1037 1322 1066 N.
1343 1036 1383 1066 T.
1403 1036 1540 1073 Prolegg.
1561 1038 1590 1073 §.
1604 1045 1634 1073 3.

123 1099 208 1128 quem
235 1095 352 1118 secutus
376 1094 419 1115 est
439 1087 474 1117 S.
495 1088 531 1116 F.
553 1087 598 1116 N.
619 1086 721 1115 Morus
734 1107 745 1122 ‚
773 1087 804 1116 in
834 1087 956 1116 Acroas.
988 1087 1100 1116 Acadd.
1120 1095 1205 1126 super
1224 1088 1361 1116 Hermen.
1383 1086 1426 1115 N.
1451 1086 1492 1115 T.
1521 1087 1592 1116 Vol.
1610 1087 1636 1115 Ι.

120 1149 187 1179 pag.
200 1141 231 1169 6.
273 1138 384 1169 Eodem
405 1136 478 1166 redit
496 1137 546 1167 Cl.
565 1137 609 1167 D.
629 1136 836 1175 Wyttcnbachii
852 1137 983 1167 definitio
995 1158 1006 1173 ‚
1032 1138 1082 1174 qui
1100 1138 1129 1167 in
1145 1139 1288 1167 Annotat.
1310 1137 1345 1166 ad
1365 1136 1507 1165 Herodoti
1525 1137 1636 1166 Selecta

122 1193 222 1228 Capp.
243 1198 312 1227 pag.
327 1197 396 1226 337.
436 1207 455 1223 ‚‚
475 1188 695 1224 interpretatio,
717 1188 813 1224 inquit
826 1208 836 1223 ‚
859 1194 903 1216 est
923 1188 1014 1218 oratio
1029 1210 1039 1225 ,
1063 1198 1134 1225 quae
1154 1188 1258 1225 efficit,
1279 1195 1312 1217 ut
1336 1187 1454 1217 alterius
1477 1187 1637 1216 orationem

122 1264 144 1281 „
164 1239 396 1278 intelligamus.'’
423 1238 453 1267 id
468 1245 534 1275 est,
553 1246 586 1269 ut
603 1247 671 1269 mox
684 1239 827 1276 declarat,
860 1259 880 1278 „
901 1239 1025 1270 orationi
1040 1241 1183 1279 eundem,
1206 1249 1291 1278 quem
1309 1239 1371 1277 ipse
1387 1241 1480 1275 alter,
1500 1240 1638 1276 adjunga-

120 1315 142 1332 „
161 1302 226 1323 mus
245 1290 398 1321 sensum.'’

156 1346 214 1376 His
232 1344 354 1374 ducibus
376 1343 641 1381 interpretationem
652 1343 827 1381 facultatem
839 1353 841 1356 ⁴
853 1343 977 1374 dicimus
994 1343 1129 1381 docendi,
1152 1345 1215 1383 quis
1230 1350 1380 1373 auctorum
1398 1343 1524 1372 orationi
1543 1349 1635 1370 sensus

118 1396 255 1435 subjectus
272 1397 329 1431 sit,
349 1404 397 1424 seu
412 1394 544 1434 efficiendi
554 1415 564 1430 ‚
582 1401 615 1424 ut
630 1395 708 1424 alter
721 1397 822 1435 cogitet
835 1396 930 1425 eadem
948 1405 1012 1425 cum
1030 1397 1167 1435 scriptore
1185 1404 1304 1433 quoquc.
1450 1390 1465 1396 “

144 1448 207 1481 ,ΒΕ
229 1446 352 1477 notione
376 1445 620 1482 interpretationis
646 1446 780 1476 universe
805 1455 925 1485 egerunt
942 1448 1046 1477 Morus
1067 1453 1094 1476 et
1113 1445 1279 1475 Eichstddt.
1301 1447 1360 1475 loc.
1381 1444 1432 1475 cit.
1474 1444 1520 1474 De
1543 1442 1632 1472 variis

118 1498 326 1536 interpretandi
349 1497 503 1535 generibus
523 1496 644 1526 Ammon
671 1498 707 1527 ad
729 1499 861 1528 Ernestii
883 1500 980 1528 locum
997 1498 1086 1527 modo
1109 1498 1255 1527 laudatum
1279 1498 1306 1524 e't
1326 1495 1554 1532 Wyttenbaclzius
1572 1495 1633 1522 loc.

118 1558 209 1588 supra
226 1550 295 1586 cit.;
317 1548 364 1578 his
386 1548 495 1586 igitur,
516 1556 587 1584 quae
606 1557 622 1577 a
637 1548 761 1578 consilio
776 1555 879 1578 nostro
895 1547 986 1578 aliena
1006 1555 1093 1584 sunt,
1115 1557 1193 1577 nunc
1212 1546 1444 1583 supersedemus.
1485 1545 1637 1573 Nonnulla

118 1608 192 1630 ‘vero
215 1600 252 1628 ad
276 1598 415 1628 librorum
437 1607 584 1628 sacrorum
608 1598 873 1635 interpretationem
895 1599 1055 1636 spectantia
1076 1598 1285 1636 praemittenda
1304 1603 1396 1633 sunt,
1417 1603 1489 1632 quae
1514 1595 1544 1624 in
1572 1601 1634 1623 toto

117 1649 323 1688 disputationis
341 1648 442 1678 itinere
460 1648 500 1677 ob
516 1650 617 1678 oculos
635 1650 771 1679 habuisse
786 1650 940 1688 profuerit.

154 1701 253 1731 Primo
279 1708 348 1737 ergo
368 1706 522 1729 notamusa
541 1700 578 1730 In
601 1700 784 1740 scriptoribus
807 1703 897 1730 sacris
919 1700 1145 1740 interpretandls
1162 1699 1257 1729 eadem
1277 1700 1389 1728 ratione
1403 1696 1575 1728 versandum
1594 1701 1635 1725 est

119 1759 204 1791 atque
223 1753 254 1780 in
275 1751 418 1782 humanis.

119 1817 122 1819 Α
158 1805 325 1839 Auctores,
353 1802 404 1839 qui
430 1803 564 1840 pluribus
589 1810 618 1833 et
644 1812 780 1841 perquam
810 1804 923 1843 egregie
947 1805 1003 1835 hoc
1026 1804 1276 1837 demonstrarunt,
1298 1800 1378 1830 citati
1401 1806 1469 1829 sunt
1491 1799 1521 1828 in
1551 1796 1634 1827 Mori

121 1856 246 1886 Acroas.
274 1853 348 1884 Vol.
366 1854 393 1885 1.
418 1862 486 1891 pag.
509 1863 560 1891 70·
587 1855 702 1885 Praeter
721 1857 777 1886 hos
804 1857 885 1886 conf.
910 1856 947 1896 J.
963 1856 1004 1886 A.
1020 1856 1210 1890 Tur-retinas,
1238 1861 1357 1889 operum
1380 1851 1491 1880 Theol.
1515 1850 1630 1879 Philos.

121 1914 152 1937 et
170 1905 315 1942 Philolog.
342 1903 397 1934 ΛΟ.
417 1912 502 1943 1775.
531 1905 620 1936 Tom.
640 1907 679 1937 II.
703 1907 843 1938 Tractatu
868 1908 903 1938 de
925 1907 1078 1944 interpret.
1104 1906 1169 1935 Ser.
1193 1905 1307 1934 Sacrae.
1328 1903 1410 1931 Parte
1426 1903 1463 1932 II.
1493 1910 1559 1938 pag.
1582 1903 1631 1930 δι.

120 1959 173 1995 qui
191 1957 273 1987 etiam
293 1963 451 1993 memorat,
471 1957 500 1987 in
511 1965 614 1994 genere
629 1967 690 1989 non
706 1959 788 1989 aliam
807 1967 871 1989 esse
888 1959 1048 1996 scripturae
1066 1955 1293 1993 interpretandae
1304 1953 1462 1990 rationem,
1483 1961 1567 1988 quam
1586 1959 1634 1980 re·

123 2009 270 2047 liquorum
290 2008 444 2037 librorum.

164 2062 221 2091 Hic
239 2069 308 2091 vero
336 2060 441 2098 aliquis
466 2060 553 2091 nobis
584 2062 725 2101 objiciat,
746 2065 836 2093 multa
862 2062 944 2093 libris
970 2061 1059 2091 sacris
1085 2058 1245 2094 contineri,
1274 2057 1335 2087 sive
1359 2065 1374 2085 a
1397 2054 1551 2085 dicentium
1577 2052 1639 2083 ani-

121 2123 179 2153 ,mo
204 2120 232 2143 et
247 2113 385 2152 ingenio,
406 2113 468 2145 sive
487 2123 503 2145 a
527 2113 622 2146 forma
638 2115 781 2145 scribendi
804 2114 955 2153 profecta,
977 2121 1050 2149 quae
1068 2120 1189 2149 prorsus
1208 2110 1266 2140 sint
1289 2107 1455 2146 singularia.
1495 2105 1640 2136 Provocet

969 2165 997 2194 A
1018 2173 1035 2202 3
1580 2156 1642 2186 for-
