1930 2448
369 95 695 129 'COMMENTATIO
723 102 761 126 m
786 93 1098 135 QUAESTIONEM
1124 93 1366 125 CHEMICAM.
1590 106 1613 138 9

89 213 91 224 χ
133 183 195 221 Jam
217 182 287 211 satis
306 186 403 210 autem
428 190 475 210 rne
503 181 663 218 disputasse
683 178 774 211 videri
798 187 929 216 possem,
943 187 978 208 an
998 179 1032 208 ad
1047 178 1229 208 coralliorum
1253 186 1344 214 genus
1361 184 1494 208 nostrum
1515 179 1612 209 incru-

91 242 203 264 statum
223 234 262 262 sit
276 232 455 262 referendum
467 254 477 269 ,
495 242 531 262 an
548 240 617 262 vero
639 233 749 269 tophus
773 230 810 259 sit
828 230 987 259 habendus.
1030 230 1101 259 Non
1130 238 1250 267 possum
1269 236 1361 258 tamen
1376 250 1386 265 ,
1409 230 1480 266 quin
1493 231 1614 261 alioruin

92 287 134 315 de
149 286 306 322 tophorum
329 284 439 322 origine
455 291 484 313 et
507 291 608 314 natura
631 283 785 314 sententias
807 282 921 310 chartae
943 281 1092 316 mandem,
1117 287 1148 309 ut
1177 281 1391 317 comparatione
1418 289 1483 309 cum
1511 290 1613 312 nostro

103 338 283 373 incrustare,
303 337 408 366 melius
428 337 520 365 adhuc
539 343 658 373 pateat,
680 335 868 365 incrustatum
881 332 1063 361 RakanIense
1079 332 1254 368 tophaceum
1276 340 1351 361 esse.
1393 332 1506 360 Multae
1521 340 1616 362 autem

91 397 165 416 ¹cum
184 388 296 424 species
312 387 372 416 sint
386 388 563 424 tophorum,
580 387 712 417 indicabo
730 386 765 416 ad
783 391 933 422 quamnam
952 383 1077 420 speciem
1094 392 1109 411 a
1126 383 1310 419 mineralogis
1328 383 1500 419 descriptam
1518 391 1617 413 noster

99 439 208 476 tophus
230 439 269 468 sit
292 438 470 470 referendus.

138 489 287 519 Litmaeus
304 491 360 519 hoc
374 490 461 519 modo
482 489 618 519 describit
642 484 777 526 tophum.
820 508 839 524 „
859 483 905 518 Ex
929 493 1005 516 terra
1022 483 1157 514 'calcarea
1179 485 1364 521 potissimum
1393 492 1551 521 constans,
1584 495 1618 515 ex

95 557 121 575 ῃ,
141 550 214 577 aqua
239 541 314 571 infra
333 550 434 577 aquam
460 540 684 578 praecipitatus,
710 546 859 577 porosus,
889 536 1142 574 inconspicuus.”
1193 536 1267 574 EJus
1291 543 1402 573 septem
1431 537 1542 573 species
1570 538 1620 566 ha·

97 592 173 628 -bet,
197 601 316 628 quarum
335 602 383 629 ea,
407 601 491 630 quarn
508 593 696 622 osteocollam
717 598 824 627 vocat,
846 589 967 619 maxime
992 597 1058 617 cum
1083 595 1187 617 nostro
1207 588 1299 624 topho
1323 589 1478 617 convenire
1495 587 1618 617 videtur.

103 643 196 673 Vocat
221 652 283 673 eum
312 645 465 682 „tophum
491 643 759 680 subcylindricum,
781 641 979 679 perforatum,
1004 646 1105 670 natum
1122 648 1136 668 e
1152 639 1268 668 materia
1285 639 1403 668 calcaria
1428 638 1615 673 tenuissima,

104 714 123 730 ,‚
143 695 312 732 frequenter
329 697 431 726 sabulo
452 703 501 726 aut
527 696 643 733 argillae
665 695 752 724 mixta
774 700 803 723 et
824 702 910 730 saepe
928 691 1076 722 variarum
1095 690 1231 720 arborum
1257 689 1402 719 radicibus
1426 690 1618 725 circumnata3

105 765 125 781 „
145 747 197 774 hae
225 747 334 776 radices
350 754 446 777 tractu
472 747 610 784 temporis
635 746 834 783 putrefactae,
864 740 1132 781 colliquescentes,
1165 749 1312 772 excavatae
1341 742 1503 779 largiuntur
1525 743 1623 770 locum

100 816 124 833 ⁷„
147 798 345 834 osteoconae‚
366 799 433 827 dum
450 798 587 827 cavitates
607 799 755 834 replentur
780 797 863 834 aquis
885 798 980 826 soluta
1003 802 1031 824 et
1058 796 1140 824 allata
1157 800 1231 822 terra
1257 793 1397 829 calcaria,
1420 801 1452 822 ut
1469 802 1554 822 omne
1578 802 1623 821 ca·

107 866 127 883 „
147 855 216 876 vum
243 857 365 884 prorsus
389 851 498 886 repleat
519 850 634 887 (1).’'
675 849 754 878 Haec
783 847 896 887 egregie
921 846 1079 877 convenire
1102 845 1239 875 videntur
1263 853 1330 873 cum
1347 845 1478 881 origine,
1501 850 1562 873 tum
1580 844 1623 872 in-

98 898 223 928 crustati
245 900 338 930 nostri
360 901 485 930 tubulati
508 901 583 930 circa
605 900 780 937 arundines,
802 907 864 929 tum
889 901 1027 938 maJ'orum
1047 898 1194 936 1apidum‚
1217 897 1268 933 qui
1295 898 1360 926 solo
1387 896 1523 934 applicati
1547 896 1625 925 inve·

100 957 234 980 uruntur.

143 1001 300 1031 lVallerius
317 1003 346 1032 in
362 1010 515 1040 systemate
539 1012 593 1033 suo
617 1003 845 1041 mineralogico,
868 1001 921 1031 sub
937 1002 1023 1030 titulo
1046 1008 1186 1037 potorum
1211 1007 1370 1035 aqueorum
1395 1008 1427 1035 p.
1445 1007 1513 1036 379.
1537 998 1627 1034 pluri·

104 1058 168 1080 mos
186 1052 272 1082 habet
285 1055 415 1091 tophoS,
438 1063 560 1090 quorum
580 1055 663 1084 multi
679 1064 747 1097 etun
773 1061 875 1084 nostro
898 1051 1098 1087 conveniunt,
1119 1050 1245 1079 fortasse
1269 1051 1391 1079 maxime
1412 1050 1480 1085 ille,
1502 1048 1552 1084 qui
1574 1057 1628 1076 nu·

105 1109 186 1130 meso
214 1111 299 1138 17m0
323 1104 458 1134 liabetur.
497 1125 520 1141 Ἴ,
542 1105 670 1143 Tophus
695 1105 829 1142 solidus,
849 1111 1036 1142 margaceus,
1056 1102 1111 1131 sub
1135 1111 1210 1138 aqua
1237 1101 1331 1130 minus
1355 1103 1404 1131 vel
1426 1108 1486 1129 non
1503 1099 1626 1134 fluente,

105 1171 128 1188 ,‚
149 1152 280 1189 deposita
304 1154 420 1184 materia
444 1163 609 1186 concretus.
650 1157 707 1186 Est
725 1157 798 1195 lapis
823 1164 987 1194 marg-aceus
1004 1155 1053 1183 vel
1078 1154 1241 1189 calcar-eus,
1262 1152 1336 1182 levis
1362 1158 1391 1181 et
1414 1150 1557 1185 friabilis,
1580 1149 1630 1178 ali-

106 1222 129 1238 „
151 1204 265 1239 quando
285 1214 434 1242 porosus,
456 1206 600 1237 interdum
626 1209 759 1245 solidus,
781 1208 902 1243 durior,
924 1208 1024 1236 colore
1045 1205 1199 1241 diversus,
1221 1213 1287 1233 cum
1306 1203 1394 1233 acidis
1419 1202 1628 1235 effervescens,

106 1275 130 1290 ‚‚
151 1254 242 1292 figura
259 1256 330 1285 mire
347 1256 472 1294 ludenS,
489 1267 504 1288 a
517 1260 667 1296 particulis
681 1259 857 1296 fossilibus,
879 1267 952 1296 aqua
971 1258 1078 1288 fluente
1095 1256 1227 1294 detritis,
1250 1264 1321 1293 quas
1348 1254 1500 1291 quiescens
1517 1254 1565 1282 vel
1579 1250 1632 1281 mi-

105 1325 129 1342 „
149 1315 204 1336 nus
222 1307 337 1337 mobilis
358 1308 489 1344 deponit.
503 1310 523 1322 ”
544 1314 550 1320 ‘

145 1355 294 1386 Gmaelinus
314 1357 384 1385 haec
409 1354 495 1383 habet
519 1355 553 1383 de
574 1355 665 1391 topho
683 1354 763 1391 (2).
807 1373 827 1389 „
847 1353 880 1383 In
895 1355 1008 1390 topho,
1031 1355 1084 1391 qui
1098 1355 1127 1385 in
1143 1358 1224 1392 aquis
1248 1365 1323 1384 terra
1343 1356 1460 1384 calcaria
1477 1351 1632 1387 saturatis,

109 1422 133 1441 ,,
151 1405 252 1433 velad
270 1405 366 1433 solum
383 1406 431 1435 vel
448 1405 484 1434 ad
500 1414 623 1442 corpora
639 1405 669 1434 in
686 1414 720 1433 eo
745 1404 915 1434 invenienda
934 1406 1107 1442 deponitur,
1128 1413 1215 1442 atque
1232 1415 1332 1435 eorum
1353 1404 1475 1433 sormam
1492 1403 1633 1438 assumit,

113 1475 135 1493 „
150 1461 245 1492 partes
262 1455 387 1486 solutius
406 1456 531 1486 fixiusve
551 1457 724 1492 cohaerent3
747 1457 918 1492 plerumque
935 1465 1062 1494 porosus
1086 1464 1141 1487 est.
1182 1456 1331 1487 Invenitur
1356 1456 1391 1484 ad
1413 1454 1521 1484 radices
1551 1462 1635 1483 mon-

108 1527 132 1545 „
150 1507 226 1536 tium
248 1508 467 1545 calcareorum,
497 1508 528 1538 in
554 1509 637 1545 aquis
662 1506 848 1537 rnineralibus
882 1515 912 1537 et
941 1508 1041 1538 calidis
1067 1514 1096 1537 et
1119 1508 1244 1545 frigidis.
1253 1509 1273 1521 ’²
1315 1508 1395 1537 Haec
1423 1505 1550 1535 Gmelini
1575 1505 1636 1534 fere

100 1559 209 1589 eadem
223 1566 316 1597 sunt,
339 1569 411 1597 quae
437 1560 523 1590 habet
547 1559 738 1589 Widmmann
755 1559 847 1597 (3),
871 1568 957 1596 quare
974 1568 1035 1589 non
1059 1568 1176 1589 necesse
1199 1559 1337 1594 videtur,
1359 1567 1392 1588 ea
1406 1558 1453 1587 hic
1469 1558 1635 1595 adJungere.

103 1609 194 1648 Quae
205 1610 292 1640 habet
318 1612 356 1640 de
377 1613 473 1648 topho
498 1612 660 1650 Brogniart
685 1611 755 1648 (4)
773 1611 844 1640 mire
865 1619 992 1641 nostram
1022 1612 1057 1640 de
1085 1611 1245 1641 incrustato
1269 1609 1444 1641 Rakaniensi
1469 1606 1637 1638 sementiam

102 1659 296 1692 confirmant.
333 1662 413 1692 Cum*
427 1662 523 1692 autem
540 1663 614 1692 infra
633 1662 719 1693 nobis
734 1664 818 1692 locus
837 1663 890 1692 erit
906 1672 938 1692 ea
953 1671 1178 1692 commemorare
1191 1683 1201 1698 ‚
1213 1670 1300 1692 'nunc
1324 1671 1354 1691 ea
1375 1661 1533 1688 mittamus.

152 1711 293 1748 Superest
315 1720 447 1749 narrare,
479 1723 553 1750 quae
581 1714 767 1744 inveniuntur
791 1715 868 1751 apud
892 1713 1008 1751 Stcffens
1027 1715 1110 1752 (5).
1153 1734 1172 1749 ,,
1194 1713 1320 1749 Tophus
1346 1712 1489 1740 calcareus
1514 1709 1634 1746 (chaux

112 1777 137 1799 i„
154 1763 348 1803 carbonatee,
368 1765 592 1805 concretionee‚
613 1767 790 1797 incrustante
813 1767 928 1804 Hauy)
961 1766 1034 1796 varii
1066 1765 1175 1795 colorIs
1199 1772 1227 1794 et
1254 1763 1364 1793 formae
1389 1762 1488 1792 multis
1516 1761 1546 1790 in
1563 1759 1637 1789 locis

1557 1831 1577 1848 „
1597 1810 1644 1840 in-

139 1889 168 1925 ’ζ
178 1891 215 1925 1)
234 1892 296 1920 Vid.
315 1892 419 1926 Syrtem.
434 1901 491 1922 nat.
504 1904 567 1922 cura
584 1896 694 1922 emelim·
702 1915 711 1928 ,
730 1904 757 1930 p.
775 1896 816 1930 87.

152 1938 169 1972 (
181 1938 223 1972 2)
241 1940 268 1966 S.
283 1940 311 1966 T.
327 1940 438 1969 Gmelin‚
456 1942 581 1968 Grundris
600 1943 645 1969 der
657 1943 832 1975 mineralogie·
851 1949 877 1975 p.
894 1948 943 1975 70.

149 1984 187 2017 (3
197 1985 213 2018 )
232 1985 374 2012 Handbuch
387 1986 428 2012 des
446 1988 683 2021 oryktognostisclten
699 1988 773 2015 theils
790 1988 835 2014 der
851 1988 1027 2020 mineralogie,
1046 1994 1074 2021 p.
1089 1993 1150 2021 509·

151 2029 218 2064 (4)
237 2033 323 2058 Tras'td
338 2034 453 2060 element.
466 2034 495 2059 de
512 2037 691 2068 mineralogie,
708 2044 734 2069 p.
750 2042 811 2062 210.

152 2075 191 2110 (s
201 2075 218 2110 )
236 2079 415 2122 Wllstiifzdiges
429 2079 522 2107 handb.
538 2081 582 2108 der
603 2083 796 2115 Oryktognosie’,
812 2081 889 2108 Tem.
904 2080 942 2108 11.
959 2088 986 2114 p.
1002 2086 1045 2113 90.

896 2126 919 2156 B
