1930 2448
89 2071 403 2108 KamnssowaxfiwVIH,
430 2081 539 2107 quarum
566 2081 657 2101 caussa
681 2075 770 2101 veteri
796 2073 974 2101 Alexandriae
1001 2075 1102 2101 Museo
1124 2073 1235 2099 alterum
1255 2071 1371 2098 additum
1396 2078 1431 2098 ex
1453 2070 1536 2104 ipsius
1559 2074 1609 2093 no·

338 125 566 158 RESPONSlO
606 132 649 155 AD
684 122 997 164 QUAESTIONEM
1033 122 1313 155 LITERARIAM.
1551 132 1587 154 21

68 226 132 250 nem
148 213 294 253 praefecto
317 211 482 247 commisit,
504 210 555 247 qui
573 210 607 239 ab
629 210 680 239 illo
701 206 868 245 Augustalis
888 206 983 236 dictus
1005 214 1048 237 est
1071 208 1140 246 (6).
1183 208 1239 237 Hic
1257 210 1396 246 templum
1412 207 1577 238 Sebasteum

68 268 220 302 condidit,
241 266 271 295 in
293 264 371 301 quod
387 264 560 300 Augustus,
579 262 759 291 Ptolemaeos
786 259 933 295 imitatus,
955 259 1051 289 omnia
1070 269 1255 290 monumenta
1271 261 1373 290 artium
1400 268 1427 289 et
1445 259 1580 289 scientia-

47 320 51 322 ’
69 328 134 350 rum
152 316 319 354 congessit,
341 314 371 343 in
390 313 497 350 quibus
514 311 635 349 insignis
654 311 735 339 etiam
756 316 814 338 erat
828 309 1006 339 Bibliotheca
1028 310 1107 348 (7),
1132 320 1216 347 quarn
1232 321 1297 340 cum
1314 314 1473 349 Imperator
1490 311 1581 341 maxi-

68 377 186 407 mopere
210 367 240 397 in
265 365 374 395 deliciis
402 365 539 400 haberet,
568 363 635 392 huic
653 362 776 391 fortasse
799 360 996 397 Augustales,
1023 361 1194 390 detrimento
1222 362 1416 392 Bibliothecae
1443 362 1580 398 Serapei,

67 421 214 451 faverunt.
256 417 424 446 Sebasteum
443 415 621 444 aedificatum
645 419 704 441 erat
723 412 753 440 in
775 411 892 448 regione
919 411 1018 448 urbis,
1042 421 1114 448 quae
1139 412 1288 442 Bruchion
1313 414 1482 449 dicebatur,
1503 415 1582 443 vallo

69 479 99 502 et
117 469 302 501 munimentis
326 474 428 504 septa,
458 466 581 501 indeque
605 464 639 493 ab
664 463 837 500 AphthonIO
866 463 939 499 (8)
960 472 1010 492 arx
1034 463 1223 492 Alexandriae
1241 471 1354 494 vocata.
1397 464 1510 493 Rhetor
1534 464 1583 493 ille

69 532 131 555 non
148 523 184 551 de
197 521 269 551 solis
285 519 401 549 aedibus
418 517 572 553 loquitur,
593 515 622 544 in
637 515 742 552 quibus
757 514 889 543 homines
912 514 1016 543 literati
1036 514 1221 551 habitabant,
1242 524 1341 544 verum
1361 516 1444 544 etiam
1462 516 1495 543 de
1513 524 1585 552 por-

70 574 198 609 ticibus,
219 572 249 602 in
280 570 385 607 quibus
404 568 472 598 libri
496 567 676 604 prostabant.
727 566 894 595 Sebasteum
924 567 1053 595 eumdem
1081 565 1189 595 exitum
1210 566 1333 602 habuit,
1365 575 1449 602 quem
1473 566 1584 602 reliqua

69 634 137 665 pars
153 623 290 658 Bruchii,
308 628 336 650 et
353 620 407 650 sub
423 619 548 650 Claudio
566 626 615 648 aut
633 617 791 647 Aureliano
809 617 925 654 penitus
945 626 1075 647 eversum
1093 624 1156 654 est3
1181 617 1289 653 quique
1304 617 1334 646 in
1351 626 1384 646 co
1401 625 1480 647 erant
1493 619 1559 647 libri
1572 639 1583 654 ,

39 689 43 693 ·
71 683 121 708 aut
136 673 257 712 dispersi
273 679 360 707 sunt,
381 678 429 700 aut
446 670 570 700 fortasse
588 670 618 700 in
641 670 797 706 Serapeum
820 669 974 705 translati,
996 670 1076 706 qnod
1095 670 1223 699 nonduin
1241 669 1398 699 interierat.

110 727 197 757 Haud
217 726 256 754 ita
271 725 363 753 multo
379 729 447 760 post
468 722 679 752 institutionem
698 721 894 751 Bibliothecae
909 721 940 750 in
956 721 1093 750 Sebasteo
1105 742 1116 757 ‚
1139 727 1240 757 quarta
1269 730 1387 757 quoque
1404 720 1520 750 condita
1545 727 1589 749 est

69 778 265 809 Bibliotheca.
307 776 383 805 Cum
404 774 477 804 enim
498 774 730 803 Christianorum
747 773 776 802 in
795 774 870 802 diem
894 782 1031 803 numerus
1051 780 1214 808 cresceret,
1236 773 1441 802 Alexanariam
1473 781 1591 809 quoque

70 828 164 859 veluti
186 827 281 856 sedem
305 825 360 855 sibi
389 827 555 862 elegerunt3
587 832 615 854 et
644 834 711 854 curn
733 826 789 864 jain
817 824 902 861 primi
927 824 1109 855 Christianae
1131 824 1279 862 religionis
1302 833 1462 861 praecones
1490 824 1591 860 pristi-

71 887 136 910 nam
162 886 274 907 morum
296 877 509 914 simplicitatem
533 877 733 913 deponerent,
754 886 786 906 ac
810 876 997 905 Scholasticis
1025 877 1130 906 studiis
1150 876 1370 911 incumberent,
1391 884 1460 904 mox
1484 874 1595 903 Biblio-

73 930 172 960 thecae
190 929 354 958 condendae
372 928 568 958 necessitatem
594 929 819 964 intellexerunt,
840 928 993 963 librosque
1017 928 1160 964 imprimis
1184 927 1381 956 Scholasticos
1402 927 1593 962 collegerunt.

75 981 174 1019 Hujus
197 980 394 1009 Bibliothecae
422 981 512 1016 vulgo
537 986 637 1007 auctor
664 980 787 1009 habetur
814 982 974 1010 Pantaenus
995 981 1089 1017 (9),
1117 980 1162 1009 vir
1186 980 1333 1009 literarum
1359 979 1533 1007 Graecarum
1563 986 1595 1005 ac

74 1031 283 1070 philosophiae
305 1031 335 1059 in
360 1029 459 1066 paucis
487 1028 698 1065 peritissimus,
727 1030 777 1065 qui
798 1038 935 1068 regnante
957 1031 1061 1060 Marco
1088 1030 1212 1059 Aurelio
1244 1030 1328 1059 vixit.
1370 1029 1427 1057 Hic
1458 1029 1594 1057 Scholam

74 1083 152 1113 illam
170 1081 361 1112 Christianam
382 1079 516 1116 aperuit,
539 1088 553 1107 e
572 1088 628 1115 qua
653 1080 777 1116 profecti
801 1088 868 1110 sur-it
894 1082 1031 1111 Clemens
1054 1081 1266 1111 Alexandrinus
1281 1101 1292 1117 ,
1314 1080 1505 1115 Ammonius,
1529 1079 1596 1108 Ori-

74 1143 180 1172 genes,
201 1133 260 1162 alii.
295 1133 342 1162 De
363 1133 450 1170 hujus
468 1130 582 1168 quidem
601 1131 799 1161 Bibliothecae
822 1133 893 1162 fatis
913 1132 987 1162 infra
1004 1133 1186 1169 videbimus;
1209 1133 1260 1161 sed
1284 1132 1352 1161 huic
1371 1130 1545 1168 digressioni
1559 1130 1594 1159 fi-

73 1194 140 1218 nem
162 1185 343 1221 imponamus
362 1190 390 1212 et
411 1184 447 1212 ad
466 1190 583 1212 nostrae
601 1183 800 1214 Bibliothecae
824 1185 973 1213 historiam
998 1193 1183 1214 revertamur.

112 1237 269 1272 Postquam
295 1235 381 1272 igitur
401 1234 555 1271 Aegyptus
575 1234 691 1270 Imperii
717 1234 840 1263 Romani
864 1235 1014 1270 provincIa
1041 1234 1116 1264 facta
1140 1242 1220 1271 erat,
1241 1235 1339 1272 primo
1362 1235 1476 1271 quidem
1498 1234 1590 1264 literis

74 1286 276 1318 Alexandrinis
299 1286 380 1314 valde
409 1284 542 1314 faverunt
571 1285 729 1321 Caesares,
752 1292 780 1314 et
799 1284 884 1314 novis
905 1285 1048 1314 institutis
1073 1285 1191 1322 gloriam
1223 1286 1373 1314 literariam
1398 1287 1485 1324 huJ'us
1510 1286 1591 1315 urbis

76 1345 227 1371 auxerunt.
268 1338 421 1376 Augustus
443 1346 547 1368 novam
573 1337 783 1368 Bibliothecam
804 1336 955 1373 condidit,
976 1343 1005 1366 et
1026 1336 1192 1373 Claudius,
1210 1343 1283 1366 teste
1309 1337 1450 1367 Suetonio
1480 1336 1592 1376 (πο),

1548 1396 1600 1418 Vk·

111 1468 181 1503 (6)
206 1469 311 1501 Digest.
334 1468 397 1496 Lib.
415 1468 438 1496 1.
463 1470 535 1497 Sect.
553 1475 595 1503 17.
617 1468 715 1497 Codex
733 1470 756 1497 1.
783 1471 856 1496 Sect.
871 1477 916 1503 27.
934 1476 987 1496 etc.

111 1515 179 1550 (7)
197 1516 314 1541 Omnino
329 1515 386 1542 vid.
405 1516 498 1547 Philo,
516 1516 610 1549 Legat.
629 1516 660 1542 ad
678 1517 789 1549 Caium,
814 1525 842 1549 p.
858 1517 917 1550 697.
943 1516 1016 1542 Edit.
1034 1515 1151 1542 Tumeb.
1170 1515 1244 1542 Paris
1262 1520 1335 1547 1552.
1369 1513 1427 1541 0333
1441 1516 1491 1547 γᾶρ
1514 1513 1598 1540 wlffi-

82 1564 129 1590 e6u
149 1561 208 1589 ἐστι
227 1563 334 1593 τέμενος
353 1561 402 1588 οῖον
419 1564 450 1589 τὶ
470 1565 610 1596 λεγόμενον
621 1565 788 1596 Σεβαστὴν,
807 1563 979 1595 ἐπιβατηρίων
998 1562 1129 1594 Καίσαρος
1147 1565 1204 1593 νεὼς
1223 1562 1330 1593 aiu-rma?
1351 1563 1401 1586 τῶν
1417 1559 1599 1592 dopmni-rm

79 1609 191 1641 λιμένων
212 1609 337 1640 μετέωρος
349 1607 454 1640 ’ἵδρυται
474 1610 600 1641 μέγιστος
618 1612 662 1636 καὶ
682 1610 915 1643 ἐπιφανέστατος,
933 1611 977 1636 uoci
998 1608 1048 1640 οἷος
1070 1609 1121 1642 οὐχ
1141 1609 1261 1640 ἑτέρωθι,
1279 1608 1441 1637 xeo-anaim
1465 1607 1597 1638 ἀναθημά-

78 1664 149 1686 των,
166 1655 194 1681 ἓν
209 1655 330 1688 γραφαῖς
343 1657 387 1681 καὶ
411 1656 527 1688 haman
546 1658 592 1683 καὶ
612 1657 728 1690 ἆργῆρᾳ,
750 1659 796 1683 καὶ
814 1660 902 1690 χρυσῶ
924 1657 1144 1689 περιβεβλημένος
1170 1654 1197 1681 ἓν
1221 1655 1329 1686 κύκλῳ,
1358 1659 1464 1685 τέμενος
1486 1653 1597 1684 {upara-

81 1710 145 1732 νῦν,
161 1704 270 1731 στοαῖς,
291 1702 489 1732 βίβλιοθῆκαίς,
506 1703 645 1735 &namu-n,
663 1704 758 1731 ἦλσεσι
770 1722 778 1734 ,
805 1704 995 1735 προπυλαίοις,
1013 1702 1195 1734 εὐρυχωρίαις,
1222 1701 1369 1732 ὑπαίθροις,
1388 1700 1474 1727 ἄταισι
1494 1702 1550 1731 ταῖς
1568 1699 1600 1725 ἐκ

81 1749 321 1776 πολυτελεστάτου
338 1747 434 1777 κόσμου
450 1747 603 1781 ἦσκημένον,
621 1749 700 1781 bixle,-
716 1752 761 1777 κσιῑ
779 1751 946 1782 ἀναγομένοις
966 1750 1015 1773 xxi·
1027 1748 1211 1774 καταπλέουσι
1230 1738 1360 1778 saraptae.

116 1794 184 1827 (8)
210 1794 358 1827 Aphthonii
380 1794 497 1826 sophist.
522 1795 748 1829 Progymnasmat.
773 1797 799 1822 in
818 1795 1002 1828 descriptione
1026 1795 1106 1819 Arc-is
1128 1792 1320 1819 Alexandrinae
1342 1800 1370 1825 p.
1388 1799 1445 1824 335.
1471 1790 1534 1817 Edit
1556 1786 1603 1816 El-

33 1843 35 1845 ’
82 1847 145 1868 zev.
163 1841 229 1866 haec
246 1841 344 1866 habet:
369 1860 387 1873 ,‚
405 1840 489 1867 addita
502 1845 594 1867 ‘autem
615 1843 770 1874 porticibus
790 1844 935 1867 introrsum
950 1841 1076 1871 armaria,
1095 1840 1192 1872 quibus
1210 1839 1275 1864 libri
1298 1838 1481 1864 reconduntur
1495 1857 1504 1869 ,
1520 1843 1603 1869 eaque

84 1893 205 1919 semper,
227 1887 248 1911 si
273 1886 317 1911 cni
339 1894 418 1913 vacet
434 1894 478 1912 aut
498 1887 579 1913 libeat
599 1889 690 1920 legere
707 1887 828 1921 aliquid,
851 1894 957 1921 patent,
986 1893 1119 1919 totamque
1142 1887 1219 1912 velut
1243 1886 1338 1911 urbem
1359 1884 1390 1911 ad
1415 1884 1604 1918 philosophiae

3 1937 7 1945 '
55 1940 58 1945 ’
85 1933 186 1959 cultum
203 1931 401 1958 adhortantur.”

122 1978 190 2013 (9)
215 1979 278 2006 Vid.
297 1979 400 2006 Euseb.
420 1979 490 2006 Hist.
508 1980 618 2007 Eccles.
633 1981 683 2008 VI.
707 1988 732 2008 c·.
747 1988 789 2014 ¹9·-
814 1989 842 2014 p.
863 1982 919 2007 ι-8ο.
945 1988 973 2007 et
990 1980 1103 2013 Georgii
1126 1979 1244 2014 syncelli
1259 1979 1426 2011 Chi-onogia,
1444 1985 1473 2011 p.
1490 1984 1553 2004 212·
1571 1975 1606 2002 E.

123 2024 209 2059 (to)
235 2027 345 2052 Sueton.
370 2027 396 2051 in
421 2026 536 2053 Claudio
560 2034 585 2055 c.
601 2035 645 2061 42.
680 2046 698 2061 ,‚
717 2028 843 2061 Denique
868 2035 894 2054 et
917 2029 1034 2054 Graecas
1064 2027 1170 2060 scripsit
1197 2026 1341 2057 historias,
1366 2025 1521 2058 Τυῖῥηνικῶν
1536 2022 1605 2053 XX,

883 2122 943 2155 03
1560 2114 1608 2141 mk
