1961 2438
350 110 391 134 20
866 96 1285 127 JUDICIA

1035 188 1132 221 ΙΙΙ.

744 274 988 310 ORDINIS
1033 273 1399 307 MEDICORUM.

392 365 542 397 Facultatt
577 365 717 397 Medicae
747 364 787 395 ad
814 365 1008 406 propositam
1047 362 1275 405 Quaestionem
1304 361 1344 392 de
1378 360 1502 399 modo,
1536 374 1600 405 quo
1624 369 1741 394 natura
1777 363 1812 394 in

347 433 475 464 corpore
500 421 636 453 animali
657 421 792 452 solutum
819 419 1039 461 redintegrat,
1070 420 1164 449 unica
1195 418 1300 449 oblata
1327 424 1374 448 est
1399 419 1646 457 commentatio,
1677 419 1731 449 cui
1763 419 1810 449 in-

347 480 461 520 scripta
495 485 570 509 sunt
603 478 678 509 haec
708 487 864 507 GALENl
902 475 1017 507 verba:
1048 476 1186 509 Χαλεπὸν
1224 474 1373 516 ἄνθρωπον
1407 475 1480 507 ὄντα
1518 475 1559 515 μὴ
1596 473 1811 517 διαμαρτάνειν

345 541 493 573 πολλοῖς,
531 535 572 568 τὰ
597 536 651 576 μὲν
683 534 755 568 ὅλως
781 531 998 576 &woffo-aum,
1023 534 1065 566 τὲι
1095 533 1127 566 δὲ
1156 534 1253 566 κακῶς
1284 532 1418 574 κρίνοντα
1435 552 1447 571 ,
1479 531 1522 565 ’τὰ
1547 530 1580 565 δὲ
1608 531 1812 573 ἀμελέστερον

343 590 522 633 γράψαντα.

387 680 492 717 Quam
514 678 819 708 Commentationem
848 676 891 707 ob
926 678 1084 718 egregiam
1113 675 1294 717 argumenti
1328 675 1586 717 expositionem,
1615 681 1710 718 atque
1744 674 1811 705 exi·

345 734 444 764 mium
472 735 500 764 ei
533 733 713 776 impensum
743 733 884 764 laborem
905 733 1050 763 unanimi
1075 731 1227 774 suffragio
1243 754 1252 770 ‚
1277 732 1419 773 praemio
1443 730 1619 762 ornandam
1641 741 1709 762 esse
1733 741 1805 762 cen-

342 792 405 821 suit
432 789 584 820 Facultas.

385 846 534 877 Reserata
570 855 648 886 ergo
673 844 779 875 addita
808 845 958 876 schedula
970 868 980 882 ‚
1012 844 1155 875 innotuit
1180 845 1299 875 Auctor
1308 867 1317 882 ,
1352 855 1372 875 c,
1383 854 1402 875 ε
1411 854 1430 874 R
1440 853 1457 874 A
1466 855 1485 874 R
1496 855 1566 875 nUs
1595 854 1612 875 c
1621 855 1641 875 o
1651 855 1670 876 N
1679 854 1699 875 rt
1708 854 1729 875 A
1739 853 1811 875 nus

344 914 361 932 Β
373 912 415 932 ER
424 913 442 933 N
454 913 473 932 A
482 913 500 931 n
511 912 528 931 ι)
537 912 555 932 1]
567 912 581 932 s
604 912 619 932 s
628 912 647 932 U
658 911 694 932 nt
704 913 723 933 N
735 913 753 933 e
766 913 785 932 A
794 913 813 932 R
824 925 833 939 ‚
858 901 1041 933 Medicinae
1069 902 1102 932 in
1122 901 1185 932 lzac
1206 893 1390 934 Academia
1414 900 1624 934 Candidatus,

388 989 542 1028 Quamvis
564 988 616 1019 hic
641 989 684 1020 ob
716 1000 864 1032 gravem,
889 1000 955 1032 quo
983 988 1105 1019 laborat
1120 1011 1128 1026 ,
1152 988 1302 1019 morbum
1317 1011 1325 1026 ,
1355 998 1507 1027 examen,
1539 988 1609 1031 lege
1636 987 1811 1030 praescrip·

345 1051 414 1075 tum
444 1045 551 1077 subire
586 1057 653 1076 non
678 1047 836 1088 potuerit,
866 1046 1028 1084 Familias,
1062 1047 1116 1077 cui
1146 1046 1265 1087 egregii
1298 1045 1427 1087 juvenis
1457 1054 1643 1087 progressus
1676 1044 1710 1074 in
1744 1049 1812 1073 arte

345 1100 465 1132 Medica
490 1101 556 1143 jam
588 1101 644 1132 diu
673 1109 762 1133 erant
786 1103 927 1145 cogniti,
950 1109 1057 1134 tamen
1082 1113 1150 1133 non
1176 1102 1335 1134 dubitavit
1360 1105 1389 1134 ei
1411 1102 1589 1145 praemium
1617 1100 1810 1144 adjudicare.

1036 1205 1051 1234 Ι
1077 1205 1112 1235 V.

632 1289 873 1323 ORDINIS
908 1290 1519 1334 JURISCONSULTORUM.

399 1374 541 1407 Facultas
577 1376 714 1407 Juridica
752 1377 791 1408 ad
830 1378 1060 1420 Quaestionem
1100 1390 1118 1411 a
1151 1390 1184 1411 se
1220 1381 1417 1422 propositam
1438 1403 1449 1421 ,
1491 1379 1532 1410 de
1570 1380 1694 1411 Meritis
1725 1389 1812 1413 ssc-

343 1442 627 1471 GOT110FREDl,
652 1433 686 1464 in
709 1433 907 1466 restituendis
937 1437 1006 1465 XII
1017 1435 1165 1475 Tabulis,
1189 1437 1317 1467 unicam
1335 1437 1455 1480 accepit
1480 1437 1810 1474 Commentationem,

343 1500 411 1520 nou
445 1490 574 1532 quidem
604 1491 695 1521 omni
721 1501 761 1521 ex
796 1498 884 1533 parte
919 1491 1014 1534 plene
1041 1499 1136 1535 atque
1175 1492 1338 1535 perfecte,
1368 1492 1424 1524 sed
1459 1493 1502 1523 ita
1532 1498 1637 1523 tamen
1667 1499 1812 1523 accurate

343 1544 498 1586 docteque
524 1547 690 1589 scriptam,
720 1552 755 1576 ut
770 1547 864 1577 etiam
883 1558 956 1577 cum
980 1547 1127 1590 pluribus
1149 1548 1219 1579 aliis
1246 1556 1408 1580 certamen
1446 1549 1579 1579 minime
1601 1547 1811 1578 detrectatum

346 1599 442 1631 fuisse
467 1601 638 1634 videretur.
681 1602 835 1632 Unanimi
861 1603 967 1645 itaque
985 1614 1144 1634 consensu
1170 1605 1347 1647 praemium
1378 1603 1597 1635 munificentia
1620 1603 1705 1645 regia
1733 1613 1810 1645 pro·

345 1659 484 1700 positum
509 1659 671 1691 decretum
696 1659 756 1691 fuit
785 1660 860 1692 huic
890 1661 1120 1701 dissertationi,
1144 1664 1253 1704 cujus,
1284 1667 1391 1704 aperta
1419 1659 1569 1691 schedula
1601 1665 1632 1690 et
1664 1661 1815 1690 examine

344 1713 492 1757 deinceps
523 1717 690 1755 instituto,
727 1718 849 1748 Auctor
886 1721 1033 1760 apparuit
1067 1731 1204 1752 JAcon.
1230 1731 1349 1752 HENR.
1372 1730 1456 1752 VAN
1480 1729 1558 1749 nnn
1579 1728 1706 1755 ntum,
1725 1717 1812 1748 Julia

347 1771 409 1802 Utr.
431 1773 462 1801 ln
483 1771 588 1804 Acad.
609 1771 709 1814 Lugd.
736 1774 815 1805 Bac.
841 1773 1014 1808 studiosus.

1059 1865 1101 1897 V.

714 1947 953 1982 ORDINIS
995 1949 1441 1986 THEOLOGORUM.

388 2030 439 2062 Ad
459 2032 683 2072 Quaestionem
703 2036 753 2066 De
767 2037 940 2069 Doctrinae
954 2036 1141 2083 Analogia,
1164 2032 1419 2074 Hermeneuttees
1441 2041 1476 2074 in
1497 2036 1742 2084 interpretandis
1757 2037 1811 2068 Lt-

1748 2093 1813 2126 hn‘s
