<?xml version="1.0" encoding="UTF-8"?>
<!DOCTYPE html PUBLIC "-//W3C//DTD XHTML 1.0 Transitional//EN"
    "http://www.w3.org/TR/xhtml1/DTD/xhtml1-transitional.dtd">
<html xmlns="http://www.w3.org/1999/xhtml" xml:lang="en" lang="en">
 <head>
  <title>
</title>
<meta http-equiv="Content-Type" content="text/html;charset=utf-8" />
  <meta name='ocr-system' content='tesseract 3.04.00' />
  <meta name='ocr-capabilities' content='ocr_page ocr_carea ocr_par ocr_line ocrx_word'/>
</head>
<body>
  <div class='ocr_page' id='page_1' title='image "annalesacademiae22rijk_0063.png"; bbox 0 0 1961 2438; ppageno 0'>
   <div class='ocr_carea' id='block_1_1' title="bbox 680 109 1625 147">
    <p class='ocr_par' dir='ltr' id='par_1_1' title="bbox 680 109 1625 147">
     <span class='ocr_line' id='line_1_1' title="bbox 680 109 1625 147; baseline -0.012 -1"><span class='ocrx_word' id='word_1_1' title='bbox 680 109 1067 146; x_wconf 67' lang='lat' dir='ltr'><strong>ORATIO.</strong></span> <span class='ocrx_word' id='word_1_2' title='bbox 1584 115 1625 147; x_wconf 69' lang='lat'><strong>29</strong></span> 
     </span>
    </p>
   </div>
   <div class='ocr_carea' id='block_1_2' title="bbox 152 194 1615 249">
    <p class='ocr_par' dir='ltr' id='par_1_2' title="bbox 152 194 1615 249">
     <span class='ocr_line' id='line_1_2' title="bbox 152 194 1615 249; baseline -0.017 -2"><span class='ocrx_word' id='word_1_3' title='bbox 152 214 186 248; x_wconf 85' lang='lat' dir='ltr'><strong>ni</strong></span> <span class='ocrx_word' id='word_1_4' title='bbox 208 210 340 245; x_wconf 84' lang='lat' dir='ltr'><strong>vinculo</strong></span> <span class='ocrx_word' id='word_1_5' title='bbox 359 207 427 246; x_wconf 88' lang='lat' dir='ltr'><strong>illi,</strong></span> <span class='ocrx_word' id='word_1_6' title='bbox 458 211 490 238; x_wconf 89' lang='lat' dir='ltr'><strong>et</strong></span> <span class='ocrx_word' id='word_1_7' title='bbox 518 202 608 249; x_wconf 80' lang='lat' dir='ltr'>quasi</span> <span class='ocrx_word' id='word_1_8' title='bbox 633 200 840 244; x_wconf 82' lang='lat' dir='ltr'>cognationi,</span> <span class='ocrx_word' id='word_1_9' title='bbox 874 208 938 242; x_wconf 90' lang='lat' dir='ltr'><strong>qua</strong></span> <span class='ocrx_word' id='word_1_10' title='bbox 961 208 1075 229; x_wconf 88' lang='lat' dir='ltr'><strong>omnes</strong></span> <span class='ocrx_word' id='word_1_11' title='bbox 1101 197 1184 228; x_wconf 85' lang='lat' dir='ltr'><strong>inter</strong></span> <span class='ocrx_word' id='word_1_12' title='bbox 1215 204 1248 226; x_wconf 89' lang='lat' dir='ltr'><strong>se</strong></span> <span class='ocrx_word' id='word_1_13' title='bbox 1279 199 1361 225; x_wconf 59' lang='lat' dir='ltr'><strong>artas</strong></span> <span class='ocrx_word' id='word_1_14' title='bbox 1388 194 1615 224; x_wconf 82' lang='lat' dir='ltr'><strong>continentur:</strong></span> 
     </span>
    </p>
   </div>
   <div class='ocr_carea' id='block_1_3' title="bbox 147 277 1614 366">
    <p class='ocr_par' dir='ltr' id='par_1_3' title="bbox 147 277 1614 366">
     <span class='ocr_line' id='line_1_3' title="bbox 152 277 356 315; baseline -0.034 -11"><span class='ocrx_word' id='word_1_15' title='bbox 152 277 356 315; x_wconf 87' lang='lat' dir='ltr'><strong>quantumqu</strong></span> 
     </span>
     <span class='ocr_line' id='line_1_4' title="bbox 147 305 1614 366; baseline -0.016 -7"><span class='ocrx_word' id='word_1_16' title='bbox 147 334 223 366; x_wconf 81' lang='lat' dir='ltr'><strong>tur,</strong></span> <span class='ocrx_word' id='word_1_17' title='bbox 253 327 439 365; x_wconf 75' lang='lat' dir='ltr'><strong>Literneque</strong></span> <span class='ocrx_word' id='word_1_18' title='bbox 469 319 539 351; x_wconf 84' lang='lat' dir='ltr'><strong>illae</strong></span> <span class='ocrx_word' id='word_1_19' title='bbox 569 315 775 348; x_wconf 86' lang='lat' dir='ltr'>humaniores</span> <span class='ocrx_word' id='word_1_20' title='bbox 807 313 946 344; x_wconf 85' lang='lat' dir='ltr'><strong>invicem</strong></span> <span class='ocrx_word' id='word_1_21' title='bbox 968 310 1030 350; x_wconf 84' lang='lat' dir='ltr'><strong>sibi</strong></span> <span class='ocrx_word' id='word_1_22' title='bbox 1060 312 1184 353; x_wconf 83' lang='lat' dir='ltr'>possint</span> <span class='ocrx_word' id='word_1_23' title='bbox 1210 306 1342 345; x_wconf 82' lang='lat' dir='ltr'><strong>afferre,</strong></span> <span class='ocrx_word' id='word_1_24' title='bbox 1375 314 1435 339; x_wconf 67' lang='lat' dir='ltr'><strong>tuo,</strong></span> <span class='ocrx_word' id='word_1_25' title='bbox 1455 305 1614 349; x_wconf 84' lang='lat' dir='ltr'><strong>praeclare</strong></span> 
     </span>
    </p>
   </div>
   <div class='ocr_carea' id='block_1_4' title="bbox 534 363 1616 414">
    <p class='ocr_par' dir='ltr' id='par_1_4' title="bbox 534 363 1616 414">
     <span class='ocr_line' id='line_1_5' title="bbox 534 363 1616 414; baseline -0.011 -10"><span class='ocrx_word' id='word_1_26' title='bbox 534 374 605 407; x_wconf 92' lang='lat' dir='ltr'><strong>Hoc</strong></span> <span class='ocrx_word' id='word_1_27' title='bbox 626 372 724 414; x_wconf 81' lang='lat' dir='ltr'><strong>igitur</strong></span> <span class='ocrx_word' id='word_1_28' title='bbox 742 379 882 408; x_wconf 80' lang='lat' dir='ltr'><strong>munuS,</strong></span> <span class='ocrx_word' id='word_1_29' title='bbox 903 367 1040 400; x_wconf 87' lang='lat' dir='ltr'><strong>solemni</strong></span> <span class='ocrx_word' id='word_1_30' title='bbox 1059 366 1210 402; x_wconf 73' lang='lat' dir='ltr'><strong>Oratione</strong></span> <span class='ocrx_word' id='word_1_31' title='bbox 1232 363 1273 395; x_wconf 84' lang='lat' dir='ltr'><strong>de</strong></span> <span class='ocrx_word' id='word_1_32' title='bbox 1294 363 1522 395; x_wconf 78' lang='lat' dir='ltr'><strong>Astronomiae</strong></span> <span class='ocrx_word' id='word_1_33' title='bbox 1541 372 1616 393; x_wconf 78' lang='lat' dir='ltr'><strong>con-</strong></span> 
     </span>
    </p>
   </div>
   <div class='ocr_carea' id='block_1_5' title="bbox 357 250 1617 306">
    <p class='ocr_par' dir='ltr' id='par_1_5' title="bbox 357 250 1617 306">
     <span class='ocr_line' id='line_1_6' title="bbox 357 250 1617 306; baseline -0.014 -9"><span class='ocrx_word' id='word_1_34' title='bbox 357 277 374 297; x_wconf 95' lang='lat' dir='ltr'><strong>e</strong></span> <span class='ocrx_word' id='word_1_35' title='bbox 393 263 473 296; x_wconf 85' lang='lat' dir='ltr'><strong>lucis</strong></span> <span class='ocrx_word' id='word_1_36' title='bbox 490 259 671 306; x_wconf 84' lang='lat' dir='ltr'><strong>praesertim</strong></span> <span class='ocrx_word' id='word_1_37' title='bbox 688 257 858 294; x_wconf 79' lang='lat' dir='ltr'><strong>Scientiae,</strong></span> <span class='ocrx_word' id='word_1_38' title='bbox 881 265 964 298; x_wconf 88' lang='lat' dir='ltr'><strong>quae</strong></span> <span class='ocrx_word' id='word_1_39' title='bbox 980 255 1154 286; x_wconf 85' lang='lat' dir='ltr'>severiores</span> <span class='ocrx_word' id='word_1_40' title='bbox 1173 251 1272 294; x_wconf 81' lang='lat' dir='ltr'><strong>vulgo</strong></span> <span class='ocrx_word' id='word_1_41' title='bbox 1285 250 1442 282; x_wconf 88' lang='lat' dir='ltr'><strong>habentur</strong></span> <span class='ocrx_word' id='word_1_42' title='bbox 1455 256 1486 280; x_wconf 87' lang='lat' dir='ltr'><strong>et</strong></span> <span class='ocrx_word' id='word_1_43' title='bbox 1499 259 1617 281; x_wconf 86' lang='lat' dir='ltr'><strong>vocan-</strong></span> 
     </span>
    </p>
   </div>
   <div class='ocr_carea' id='block_1_6' title="bbox 150 378 1618 479">
    <p class='ocr_par' dir='ltr' id='par_1_6' title="bbox 150 378 1618 479">
     <span class='ocr_line' id='line_1_7' title="bbox 152 378 490 421; baseline -0.021 -6"><span class='ocrx_word' id='word_1_44' title='bbox 152 381 310 415; x_wconf 86' lang='lat' dir='ltr'><strong>constabit</strong></span> <span class='ocrx_word' id='word_1_45' title='bbox 333 378 490 421; x_wconf 78' lang='lat' dir='ltr'><strong>exemplu.</strong></span> 
     </span>
     <span class='ocr_line' id='line_1_8' title="bbox 150 418 1618 479; baseline -0.016 -8"><span class='ocrx_word' id='word_1_46' title='bbox 150 437 269 471; x_wconf 65' lang='lat' dir='ltr'><strong>ditione</strong></span> <span class='ocrx_word' id='word_1_47' title='bbox 297 435 389 479; x_wconf 79' lang='lat' dir='ltr'><strong>apud</strong></span> <span class='ocrx_word' id='word_1_48' title='bbox 408 432 534 466; x_wconf 82' lang='lat' dir='ltr'><em>Arabes</em></span> <span class='ocrx_word' id='word_1_49' title='bbox 549 453 558 468; x_wconf 92' lang='lat'><em>‚</em></span> <span class='ocrx_word' id='word_1_50' title='bbox 582 429 727 470; x_wconf 76' lang='lat' dir='ltr'><strong>aliosque</strong></span> <span class='ocrx_word' id='word_1_51' title='bbox 755 423 924 457; x_wconf 79' lang='lat' dir='ltr'><strong>nonnullos</strong></span> <span class='ocrx_word' id='word_1_52' title='bbox 944 423 1043 456; x_wconf 82' lang='lat' dir='ltr'><strong>medii</strong></span> <span class='ocrx_word' id='word_1_53' title='bbox 1071 424 1147 454; x_wconf 79' lang='lat' dir='ltr'><strong>aevi</strong></span> <span class='ocrx_word' id='word_1_54' title='bbox 1164 420 1305 465; x_wconf 77' lang='lat' dir='ltr'><strong>populos</strong></span> <span class='ocrx_word' id='word_1_55' title='bbox 1333 418 1530 458; x_wconf 77' lang='lat' dir='ltr'><strong>Orientales,</strong></span> <span class='ocrx_word' id='word_1_56' title='bbox 1550 419 1618 462; x_wconf 80' lang='lat' dir='ltr'><strong>jam</strong></span> 
     </span>
    </p>
   </div>
   <div class='ocr_carea' id='block_1_7' title="bbox 150 481 891 537">
    <p class='ocr_par' dir='ltr' id='par_1_7' title="bbox 150 481 891 537">
     <span class='ocr_line' id='line_1_9' title="bbox 150 481 891 537; baseline -0.02 -8"><span class='ocrx_word' id='word_1_57' title='bbox 150 495 232 528; x_wconf 84' lang='lat' dir='ltr'><strong>bene</strong></span> <span class='ocrx_word' id='word_1_58' title='bbox 254 498 433 537; x_wconf 84' lang='lat' dir='ltr'><strong>susceptum</strong></span> <span class='ocrx_word' id='word_1_59' title='bbox 455 500 495 521; x_wconf 84' lang='lat' dir='ltr'><strong>ex</strong></span> <span class='ocrx_word' id='word_1_60' title='bbox 519 487 627 520; x_wconf 86' lang='lat' dir='ltr'><strong>animo</strong></span> <span class='ocrx_word' id='word_1_61' title='bbox 653 484 712 517; x_wconf 79' lang='lat' dir='ltr'><strong>ubi</strong></span> <span class='ocrx_word' id='word_1_62' title='bbox 735 481 891 526; x_wconf 78' lang='lat' dir='ltr'><strong>gratulor.</strong></span> 
     </span>
    </p>
   </div>
   <div class='ocr_carea' id='block_1_8' title="bbox 152 644 1618 765">
    <p class='ocr_par' dir='ltr' id='par_1_8' title="bbox 152 644 1618 765">
     <span class='ocr_line' id='line_1_10' title="bbox 192 644 1618 708; baseline -0.014 -11"><span class='ocrx_word' id='word_1_63' title='bbox 192 664 433 708; x_wconf 83' lang='lat' dir='ltr'><strong>Elegantiorum</strong></span> <span class='ocrx_word' id='word_1_64' title='bbox 461 669 539 693; x_wconf 80' lang='lat' dir='ltr'><strong>vero</strong></span> <span class='ocrx_word' id='word_1_65' title='bbox 561 658 742 690; x_wconf 82' lang='lat' dir='ltr'><strong>Literarum</strong></span> <span class='ocrx_word' id='word_1_66' title='bbox 773 656 900 688; x_wconf 86' lang='lat' dir='ltr'><strong>illarum</strong></span> <span class='ocrx_word' id='word_1_67' title='bbox 926 652 1063 696; x_wconf 86' lang='lat' dir='ltr'><strong>encyclo</strong></span> <span class='ocrx_word' id='word_1_68' title='bbox 1089 651 1276 695; x_wconf 84' lang='lat' dir='ltr'><strong>disciplinae</strong></span> <span class='ocrx_word' id='word_1_69' title='bbox 1304 651 1347 682; x_wconf 81' lang='lat' dir='ltr'><strong>ita</strong></span> <span class='ocrx_word' id='word_1_70' title='bbox 1374 649 1505 680; x_wconf 78' lang='lat' dir='ltr'><strong>demum</strong></span> <span class='ocrx_word' id='word_1_71' title='bbox 1533 644 1618 689; x_wconf 87' lang='lat' dir='ltr'><strong>apud</strong></span> 
     </span>
     <span class='ocr_line' id='line_1_11' title="bbox 152 706 1497 765; baseline -0.014 -10"><span class='ocrx_word' id='word_1_72' title='bbox 152 732 211 754; x_wconf 83' lang='lat' dir='ltr'><strong>uos</strong></span> <span class='ocrx_word' id='word_1_73' title='bbox 230 726 434 765; x_wconf 84' lang='lat' dir='ltr'><strong>prospectum</strong></span> <span class='ocrx_word' id='word_1_74' title='bbox 460 727 548 756; x_wconf 85' lang='lat' dir='ltr'><strong>esse,</strong></span> <span class='ocrx_word' id='word_1_75' title='bbox 570 721 607 747; x_wconf 84' lang='lat' dir='ltr'><strong>ut</strong></span> <span class='ocrx_word' id='word_1_76' title='bbox 627 713 711 747; x_wconf 87' lang='lat' dir='ltr'><strong>nihil</strong></span> <span class='ocrx_word' id='word_1_77' title='bbox 736 713 878 757; x_wconf 80' lang='lat' dir='ltr'><strong>amplius</strong></span> <span class='ocrx_word' id='word_1_78' title='bbox 900 711 1122 748; x_wconf 77' lang='lat' dir='ltr'>desideretur,</span> <span class='ocrx_word' id='word_1_79' title='bbox 1145 708 1342 741; x_wconf 80' lang='lat' dir='ltr'><strong>exsultamus</strong></span> <span class='ocrx_word' id='word_1_80' title='bbox 1373 706 1497 737; x_wconf 85' lang='lat' dir='ltr'><strong>merito.</strong></span> 
     </span>
    </p>
   </div>
   <div class='ocr_carea' id='block_1_9' title="bbox 151 819 1625 982">
    <p class='ocr_par' dir='ltr' id='par_1_9' title="bbox 151 819 1625 982">
     <span class='ocr_line' id='line_1_12' title="bbox 193 819 1619 872; baseline -0.013 -5"><span class='ocrx_word' id='word_1_81' title='bbox 193 836 359 866; x_wconf 74' lang='lat' dir='ltr'><strong>PAmno</strong></span> <span class='ocrx_word' id='word_1_82' title='bbox 379 838 511 870; x_wconf 88' lang='lat' dir='ltr'><strong>nostro,</strong></span> <span class='ocrx_word' id='word_1_83' title='bbox 538 830 619 862; x_wconf 86' lang='lat' dir='ltr'><strong>Viro</strong></span> <span class='ocrx_word' id='word_1_84' title='bbox 632 827 727 872; x_wconf 83' lang='lat' dir='ltr'><strong>plane</strong></span> <span class='ocrx_word' id='word_1_85' title='bbox 746 827 887 863; x_wconf 84' lang='lat' dir='ltr'><strong>eximio,</strong></span> <span class='ocrx_word' id='word_1_86' title='bbox 911 824 1106 855; x_wconf 88' lang='lat' dir='ltr'><strong>Literaturae</strong></span> <span class='ocrx_word' id='word_1_87' title='bbox 1125 821 1296 854; x_wconf 85' lang='lat' dir='ltr'><strong>Orientalis</strong></span> <span class='ocrx_word' id='word_1_88' title='bbox 1316 820 1430 851; x_wconf 82' lang='lat' dir='ltr'>Statori</span> <span class='ocrx_word' id='word_1_89' title='bbox 1442 841 1452 855; x_wconf 80' lang='lat'>‚</span> <span class='ocrx_word' id='word_1_90' title='bbox 1480 819 1545 860; x_wconf 81' lang='lat' dir='ltr'><strong>jam</strong></span> <span class='ocrx_word' id='word_1_91' title='bbox 1560 819 1619 849; x_wconf 89' lang='lat' dir='ltr'><strong>Or-</strong></span> 
     </span>
     <span class='ocr_line' id='line_1_13' title="bbox 152 873 1623 930; baseline -0.013 -7"><span class='ocrx_word' id='word_1_92' title='bbox 152 890 278 923; x_wconf 73' lang='lat' dir='ltr'><strong>&#39;dinaria</strong></span> <span class='ocrx_word' id='word_1_93' title='bbox 303 891 447 921; x_wconf 88' lang='lat' dir='ltr'><strong>muneris</strong></span> <span class='ocrx_word' id='word_1_94' title='bbox 469 885 699 930; x_wconf 82' lang='lat' dir='ltr'><strong>conjunctione</strong></span> <span class='ocrx_word' id='word_1_95' title='bbox 718 883 856 914; x_wconf 87' lang='lat' dir='ltr'><strong>sociatus</strong></span> <span class='ocrx_word' id='word_1_96' title='bbox 873 888 920 913; x_wconf 88' lang='lat' dir='ltr'><strong>est</strong></span> <span class='ocrx_word' id='word_1_97' title='bbox 940 879 1179 912; x_wconf 76' lang='lat' dir='ltr'><strong>eruditissimus·</strong></span> <span class='ocrx_word' id='word_1_98' title='bbox 1196 886 1230 911; x_wconf 92' lang='lat' dir='ltr'><strong>et</strong></span> <span class='ocrx_word' id='word_1_99' title='bbox 1254 875 1412 910; x_wconf 83' lang='lat' dir='ltr'><strong>indefesso</strong></span> <span class='ocrx_word' id='word_1_100' title='bbox 1431 875 1539 906; x_wconf 82' lang='lat' dir='ltr'><strong>labore</strong></span> <span class='ocrx_word' id='word_1_101' title='bbox 1561 873 1623 905; x_wconf 87' lang='lat' dir='ltr'><strong>cla-</strong></span> 
     </span>
     <span class='ocr_line' id='line_1_14' title="bbox 151 932 1625 982; baseline -0.013 -3"><span class='ocrx_word' id='word_1_102' title='bbox 151 957 208 978; x_wconf 82' lang='lat' dir='ltr'><strong>rus</strong></span> <span class='ocrx_word' id='word_1_103' title='bbox 234 954 516 982; x_wconf 73' lang='lat' dir='ltr'><strong>HAMARERUS,</strong></span> <span class='ocrx_word' id='word_1_104' title='bbox 543 943 595 974; x_wconf 81' lang='lat' dir='ltr'><strong>cui</strong></span> <span class='ocrx_word' id='word_1_105' title='bbox 619 942 708 972; x_wconf 88' lang='lat' dir='ltr'><strong>hunc</strong></span> <span class='ocrx_word' id='word_1_106' title='bbox 733 941 916 976; x_wconf 81' lang='lat' dir='ltr'>Honorem,</span> <span class='ocrx_word' id='word_1_107' title='bbox 945 946 1043 979; x_wconf 87' lang='lat' dir='ltr'><strong>quem</strong></span> <span class='ocrx_word' id='word_1_108' title='bbox 1073 935 1225 966; x_wconf 80' lang='lat' dir='ltr'><strong>Oratione</strong></span> <span class='ocrx_word' id='word_1_109' title='bbox 1264 933 1306 964; x_wconf 83' lang='lat' dir='ltr'><strong>de</strong></span> <span class='ocrx_word' id='word_1_110' title='bbox 1341 934 1418 963; x_wconf 72' lang='lat' dir='ltr'><strong>Vita</strong></span> <span class='ocrx_word' id='word_1_111' title='bbox 1446 938 1477 962; x_wconf 84' lang='lat' dir='ltr'><strong>ec</strong></span> <span class='ocrx_word' id='word_1_112' title='bbox 1507 932 1625 962; x_wconf 80' lang='lat' dir='ltr'><strong>Meritis</strong></span> 
     </span>
    </p>
   </div>
   <div class='ocr_carea' id='block_1_10' title="bbox 100 986 1623 1041">
    <p class='ocr_par' dir='ltr' id='par_1_10' title="bbox 100 986 1623 1041">
     <span class='ocr_line' id='line_1_15' title="bbox 100 986 1623 1041; baseline -0.014 -4"><span class='ocrx_word' id='word_1_113' title='bbox 100 1008 102 1011; x_wconf 85' lang='lat'>&#39;</span> <span class='ocrx_word' id='word_1_114' title='bbox 151 1014 174 1035; x_wconf 71' lang='lat' dir='ltr'><strong>e</strong></span> <span class='ocrx_word' id='word_1_115' title='bbox 182 1014 203 1036; x_wconf 85' lang='lat' dir='ltr'><strong>u</strong></span> <span class='ocrx_word' id='word_1_116' title='bbox 214 1013 250 1035; x_wconf 71' lang='grc' dir='ltr'><strong>ιι</strong></span> <span class='ocrx_word' id='word_1_117' title='bbox 259 1012 271 1035; x_wconf 89' lang='lat'>1</span> <span class='ocrx_word' id='word_1_118' title='bbox 280 1014 298 1034; x_wconf 75' lang='lat' dir='ltr'><strong>E</strong></span> <span class='ocrx_word' id='word_1_119' title='bbox 307 1012 360 1034; x_wconf 67' lang='lat' dir='ltr'><strong>mir</strong></span> <span class='ocrx_word' id='word_1_120' title='bbox 370 1012 382 1032; x_wconf 95' lang='lat'>1</span> <span class='ocrx_word' id='word_1_121' title='bbox 405 1011 419 1032; x_wconf 79' lang='lat'>1</span> <span class='ocrx_word' id='word_1_122' title='bbox 430 1010 450 1031; x_wconf 92' lang='grc' dir='ltr'>ο</span> <span class='ocrx_word' id='word_1_123' title='bbox 458 1010 478 1032; x_wconf 69' lang='lat' dir='ltr'><strong>n</strong></span> <span class='ocrx_word' id='word_1_124' title='bbox 488 1010 507 1030; x_wconf 78' lang='grc' dir='ltr'>Ε</span> <span class='ocrx_word' id='word_1_125' title='bbox 516 1009 531 1031; x_wconf 87' lang='lat' dir='ltr'><strong>s</strong></span> <span class='ocrx_word' id='word_1_126' title='bbox 540 1009 551 1030; x_wconf 84' lang='lat'>1</span> <span class='ocrx_word' id='word_1_127' title='bbox 563 1009 574 1029; x_wconf 87' lang='lat'>1</span> <span class='ocrx_word' id='word_1_128' title='bbox 597 1003 671 1029; x_wconf 86' lang='lat' dir='ltr'><strong>ante</strong></span> <span class='ocrx_word' id='word_1_129' title='bbox 691 1001 830 1041; x_wconf 83' lang='lat' dir='ltr'><strong>quatuor</strong></span> <span class='ocrx_word' id='word_1_130' title='bbox 852 1003 977 1025; x_wconf 85' lang='lat' dir='ltr'><strong>menses</strong></span> <span class='ocrx_word' id='word_1_131' title='bbox 1000 993 1060 1024; x_wconf 90' lang='lat' dir='ltr'><strong>rite</strong></span> <span class='ocrx_word' id='word_1_132' title='bbox 1089 991 1186 1030; x_wconf 86' lang='lat' dir='ltr'><strong>adiit,</strong></span> <span class='ocrx_word' id='word_1_133' title='bbox 1216 1001 1256 1023; x_wconf 82' lang='lat' dir='ltr'><strong>ex</strong></span> <span class='ocrx_word' id='word_1_134' title='bbox 1283 990 1392 1021; x_wconf 88' lang='lat' dir='ltr'><strong>animo</strong></span> <span class='ocrx_word' id='word_1_135' title='bbox 1415 986 1623 1031; x_wconf 74' lang='lat' dir='ltr'><strong>gratulamur.</strong></span> 
     </span>
    </p>
   </div>
   <div class='ocr_carea' id='block_1_11' title="bbox 151 1099 1621 1212">
    <p class='ocr_par' dir='ltr' id='par_1_11' title="bbox 151 1099 1621 1212">
     <span class='ocr_line' id='line_1_16' title="bbox 194 1099 1617 1158; baseline -0.013 -9"><span class='ocrx_word' id='word_1_136' title='bbox 194 1116 315 1149; x_wconf 83' lang='lat' dir='ltr'><strong>Patriae</strong></span> <span class='ocrx_word' id='word_1_137' title='bbox 329 1116 492 1158; x_wconf 81' lang='lat' dir='ltr'><strong>Linguae,</strong></span> <span class='ocrx_word' id='word_1_138' title='bbox 516 1114 701 1156; x_wconf 84' lang='lat' dir='ltr'><strong>Rerumque</strong></span> <span class='ocrx_word' id='word_1_139' title='bbox 715 1121 734 1142; x_wconf 91' lang='lat' dir='ltr'><strong>a</strong></span> <span class='ocrx_word' id='word_1_140' title='bbox 753 1107 929 1152; x_wconf 69' lang='lat' dir='ltr'><strong>maj&#39;oribus</strong></span> <span class='ocrx_word' id='word_1_141' title='bbox 951 1112 1113 1151; x_wconf 73' lang='lat' dir='ltr'><strong>gestarum</strong></span> <span class='ocrx_word' id='word_1_142' title='bbox 1129 1104 1302 1138; x_wconf 84' lang='lat' dir='ltr'><strong>memoriae</strong></span> <span class='ocrx_word' id='word_1_143' title='bbox 1320 1101 1416 1134; x_wconf 89' lang='lat' dir='ltr'><strong>decus</strong></span> <span class='ocrx_word' id='word_1_144' title='bbox 1433 1099 1535 1145; x_wconf 85' lang='lat' dir='ltr'><strong>probe</strong></span> <span class='ocrx_word' id='word_1_145' title='bbox 1550 1106 1617 1131; x_wconf 88' lang='lat' dir='ltr'><strong>tue·</strong></span> 
     </span>
     <span class='ocr_line' id='line_1_17' title="bbox 151 1157 1621 1212; baseline -0.013 -6"><span class='ocrx_word' id='word_1_146' title='bbox 151 1178 205 1205; x_wconf 80' lang='lat' dir='ltr'><strong>tur</strong></span> <span class='ocrx_word' id='word_1_147' title='bbox 227 1182 290 1205; x_wconf 69' lang='lat'><strong>⁵12</strong></span> <span class='ocrx_word' id='word_1_148' title='bbox 301 1183 377 1204; x_wconf 67' lang='lat' dir='ltr'><strong>emt</strong></span> <span class='ocrx_word' id='word_1_149' title='bbox 388 1179 564 1202; x_wconf 63' lang='lat' dir='ltr'><strong>nummus</strong></span> <span class='ocrx_word' id='word_1_150' title='bbox 577 1192 587 1207; x_wconf 95' lang='lat'><strong>,</strong></span> <span class='ocrx_word' id='word_1_151' title='bbox 611 1178 709 1212; x_wconf 91' lang='lat' dir='ltr'><strong>quem</strong></span> <span class='ocrx_word' id='word_1_152' title='bbox 729 1173 761 1198; x_wconf 90' lang='lat' dir='ltr'><strong>et</strong></span> <span class='ocrx_word' id='word_1_153' title='bbox 785 1166 987 1208; x_wconf 82' lang='lat' dir='ltr'><strong>designatum</strong></span> <span class='ocrx_word' id='word_1_154' title='bbox 1010 1166 1176 1194; x_wconf 77' lang='lat' dir='ltr'><strong>Rectorem</strong></span> <span class='ocrx_word' id='word_1_155' title='bbox 1195 1158 1424 1203; x_wconf 87' lang='lat' dir='ltr'><strong>Magnificum,</strong></span> <span class='ocrx_word' id='word_1_156' title='bbox 1447 1157 1527 1189; x_wconf 82' lang='lat' dir='ltr'><strong>mihi</strong></span> <span class='ocrx_word' id='word_1_157' title='bbox 1544 1167 1621 1188; x_wconf 80' lang='lat' dir='ltr'><strong>mox</strong></span> 
     </span>
    </p>
   </div>
   <div class='ocr_carea' id='block_1_12' title="bbox 148 1213 1622 1328">
    <p class='ocr_par' dir='ltr' id='par_1_12' title="bbox 148 1213 1622 1328">
     <span class='ocr_line' id='line_1_18' title="bbox 149 1213 1622 1266; baseline -0.012 -5"><span class='ocrx_word' id='word_1_158' title='bbox 149 1238 397 1266; x_wconf 72' lang='lat' dir='ltr'><strong>successurum,</strong></span> <span class='ocrx_word' id='word_1_159' title='bbox 421 1227 556 1259; x_wconf 83' lang='lat' dir='ltr'><strong>salutare</strong></span> <span class='ocrx_word' id='word_1_160' title='bbox 580 1224 677 1264; x_wconf 80' lang='lat' dir='ltr'><strong>licet,</strong></span> <span class='ocrx_word' id='word_1_161' title='bbox 704 1233 853 1256; x_wconf 86' lang='lat' dir='ltr'><strong>annuum</strong></span> <span class='ocrx_word' id='word_1_162' title='bbox 886 1221 976 1253; x_wconf 88' lang='lat' dir='ltr'><strong>hunc</strong></span> <span class='ocrx_word' id='word_1_163' title='bbox 999 1221 1222 1263; x_wconf 84' lang='lat' dir='ltr'><strong>Magistratum</strong></span> <span class='ocrx_word' id='word_1_164' title='bbox 1241 1239 1254 1258; x_wconf 85' lang='lat'><strong>,</strong></span> <span class='ocrx_word' id='word_1_165' title='bbox 1292 1217 1320 1248; x_wconf 89' lang='lat' dir='ltr'><strong>si</strong></span> <span class='ocrx_word' id='word_1_166' title='bbox 1346 1213 1426 1259; x_wconf 87' lang='lat' dir='ltr'><strong>quid</strong></span> <span class='ocrx_word' id='word_1_167' title='bbox 1452 1224 1521 1246; x_wconf 88' lang='lat' dir='ltr'><strong>mea</strong></span> <span class='ocrx_word' id='word_1_168' title='bbox 1548 1220 1622 1247; x_wconf 81' lang='lat' dir='ltr'><strong>vota</strong></span> 
     </span>
     <span class='ocr_line' id='line_1_19' title="bbox 148 1283 657 1328; baseline -0.012 -10"><span class='ocrx_word' id='word_1_169' title='bbox 148 1284 292 1324; x_wconf 74' lang='lat' dir='ltr'><strong>valeant,</strong></span> <span class='ocrx_word' id='word_1_170' title='bbox 314 1283 454 1328; x_wconf 84' lang='lat' dir='ltr'><strong>gloriose</strong></span> <span class='ocrx_word' id='word_1_171' title='bbox 473 1288 657 1326; x_wconf 57' lang='lat' dir='ltr'><strong>gesturum„</strong></span> 
     </span>
    </p>
   </div>
   <div class='ocr_carea' id='block_1_13' title="bbox 193 1386 1623 1437">
    <p class='ocr_par' dir='ltr' id='par_1_13' title="bbox 193 1386 1623 1437">
     <span class='ocr_line' id='line_1_20' title="bbox 193 1386 1623 1437; baseline -0.008 -8"><span class='ocrx_word' id='word_1_172' title='bbox 193 1401 328 1431; x_wconf 68' lang='lat' dir='ltr'><strong>BAmo</strong></span> <span class='ocrx_word' id='word_1_173' title='bbox 351 1398 392 1430; x_wconf 84' lang='lat' dir='ltr'><strong>de</strong></span> <span class='ocrx_word' id='word_1_174' title='bbox 417 1397 508 1429; x_wconf 85' lang='lat' dir='ltr'><strong>omni</strong></span> <span class='ocrx_word' id='word_1_175' title='bbox 534 1397 654 1428; x_wconf 84' lang='lat' dir='ltr'><strong>Graeca</strong></span> <span class='ocrx_word' id='word_1_176' title='bbox 675 1396 886 1437; x_wconf 81' lang='lat' dir='ltr'><strong>Romanaque</strong></span> <span class='ocrx_word' id='word_1_177' title='bbox 909 1391 1110 1435; x_wconf 80' lang='lat' dir='ltr'><strong>Antiquitate</strong></span> <span class='ocrx_word' id='word_1_178' title='bbox 1133 1395 1166 1421; x_wconf 87' lang='lat' dir='ltr'><strong>et</strong></span> <span class='ocrx_word' id='word_1_179' title='bbox 1184 1387 1376 1430; x_wconf 79' lang='lat' dir='ltr'><strong>Eloquentia</strong></span> <span class='ocrx_word' id='word_1_180' title='bbox 1393 1386 1497 1430; x_wconf 77' lang='lat' dir='ltr'><strong>deque</strong></span> <span class='ocrx_word' id='word_1_181' title='bbox 1516 1386 1623 1419; x_wconf 78' lang='lat' dir='ltr'><strong>Histo-</strong></span> 
     </span>
    </p>
   </div>
   <div class='ocr_carea' id='block_1_14' title="bbox 127 1442 1626 1495">
    <p class='ocr_par' dir='ltr' id='par_1_14' title="bbox 127 1442 1626 1495">
     <span class='ocr_line' id='line_1_21' title="bbox 127 1442 1626 1495; baseline -0.01 -7"><span class='ocrx_word' id='word_1_182' title='bbox 127 1453 135 1465; x_wconf 80' lang='lat'><em>&#39;</em></span> <span class='ocrx_word' id='word_1_183' title='bbox 150 1455 199 1487; x_wconf 81' lang='lat' dir='ltr'><strong>ria</strong></span> <span class='ocrx_word' id='word_1_184' title='bbox 221 1456 330 1495; x_wconf 88' lang='lat' dir='ltr'><strong>omni,</strong></span> <span class='ocrx_word' id='word_1_185' title='bbox 353 1465 371 1486; x_wconf 90' lang='lat' dir='ltr'><strong>a</strong></span> <span class='ocrx_word' id='word_1_186' title='bbox 396 1455 478 1486; x_wconf 89' lang='lat' dir='ltr'><strong>tristi</strong></span> <span class='ocrx_word' id='word_1_187' title='bbox 494 1452 569 1486; x_wconf 92' lang='lat' dir='ltr'><strong>inde</strong></span> <span class='ocrx_word' id='word_1_188' title='bbox 595 1459 776 1485; x_wconf 76' lang='lat' dir='ltr'>BORGERI</span> <span class='ocrx_word' id='word_1_189' title='bbox 793 1474 802 1490; x_wconf 88' lang='lat'><strong>,</strong></span> <span class='ocrx_word' id='word_1_190' title='bbox 825 1448 989 1493; x_wconf 86' lang='lat' dir='ltr'><strong>quondam</strong></span> <span class='ocrx_word' id='word_1_191' title='bbox 1017 1447 1100 1478; x_wconf 91' lang='lat' dir='ltr'><strong>eheu</strong></span> <span class='ocrx_word' id='word_1_192' title='bbox 1126 1445 1247 1484; x_wconf 88' lang='lat' dir='ltr'><strong>nostri,</strong></span> <span class='ocrx_word' id='word_1_193' title='bbox 1269 1444 1382 1481; x_wconf 81' lang='lat' dir='ltr'><strong>obitu,</strong></span> <span class='ocrx_word' id='word_1_194' title='bbox 1408 1444 1531 1487; x_wconf 90' lang='lat' dir='ltr'><strong>duplici</strong></span> <span class='ocrx_word' id='word_1_195' title='bbox 1552 1442 1626 1474; x_wconf 89' lang='lat' dir='ltr'><strong>fun·</strong></span> 
     </span>
    </p>
   </div>
   <div class='ocr_carea' id='block_1_15' title="bbox 147 1498 1627 1555">
    <p class='ocr_par' dir='ltr' id='par_1_15' title="bbox 147 1498 1627 1555">
     <span class='ocr_line' id='line_1_22' title="bbox 147 1498 1627 1555; baseline -0.009 -12"><span class='ocrx_word' id='word_1_196' title='bbox 147 1511 256 1555; x_wconf 77' lang='lat' dir='ltr'><strong>gendo</strong></span> <span class='ocrx_word' id='word_1_197' title='bbox 277 1522 411 1543; x_wconf 87' lang='lat' dir='ltr'><strong>munere</strong></span> <span class='ocrx_word' id='word_1_198' title='bbox 436 1516 601 1553; x_wconf 80' lang='lat' dir='ltr'><strong>tantopere</strong></span> <span class='ocrx_word' id='word_1_199' title='bbox 624 1508 760 1547; x_wconf 88' lang='lat' dir='ltr'><strong>merito,</strong></span> <span class='ocrx_word' id='word_1_200' title='bbox 789 1512 822 1539; x_wconf 88' lang='lat' dir='ltr'><strong>et</strong></span> <span class='ocrx_word' id='word_1_201' title='bbox 847 1506 965 1550; x_wconf 80' lang='lat' dir='ltr'><strong>gratias</strong></span> <span class='ocrx_word' id='word_1_202' title='bbox 992 1506 1140 1548; x_wconf 83' lang='lat' dir='ltr'><strong>agimus,</strong></span> <span class='ocrx_word' id='word_1_203' title='bbox 1172 1508 1204 1534; x_wconf 89' lang='lat' dir='ltr'><strong>et</strong></span> <span class='ocrx_word' id='word_1_204' title='bbox 1230 1507 1318 1545; x_wconf 86' lang='lat' dir='ltr'><strong>parte</strong></span> <span class='ocrx_word' id='word_1_205' title='bbox 1346 1499 1463 1534; x_wconf 89' lang='lat' dir='ltr'><strong>laboris</strong></span> <span class='ocrx_word' id='word_1_206' title='bbox 1491 1501 1555 1543; x_wconf 89' lang='lat' dir='ltr'><strong>jam</strong></span> <span class='ocrx_word' id='word_1_207' title='bbox 1584 1498 1627 1530; x_wconf 87' lang='lat' dir='ltr'><strong>le-</strong></span> 
     </span>
    </p>
   </div>
   <div class='ocr_carea' id='block_1_16' title="bbox 108 1567 458 1610">
    <p class='ocr_par' dir='ltr' id='par_1_16' title="bbox 108 1567 458 1610">
     <span class='ocr_line' id='line_1_23' title="bbox 108 1567 458 1610; baseline 0 -11"><span class='ocrx_word' id='word_1_208' title='bbox 108 1583 117 1587; x_wconf 84' lang='lat'><em>·</em></span> <span class='ocrx_word' id='word_1_209' title='bbox 149 1574 224 1599; x_wconf 70' lang='lat' dir='ltr'><strong>vato</strong></span> <span class='ocrx_word' id='word_1_210' title='bbox 246 1567 458 1610; x_wconf 82' lang='lat' dir='ltr'><strong>gratulamur.</strong></span> 
     </span>
    </p>
   </div>
   <div class='ocr_carea' id='block_1_17' title="bbox 196 1669 1625 1721">
    <p class='ocr_par' dir='ltr' id='par_1_17' title="bbox 196 1669 1625 1721">
     <span class='ocr_line' id='line_1_24' title="bbox 196 1669 1625 1721; baseline -0.007 -11"><span class='ocrx_word' id='word_1_211' title='bbox 196 1679 339 1721; x_wconf 83' lang='lat' dir='ltr'><strong>Suscepit</strong></span> <span class='ocrx_word' id='word_1_212' title='bbox 362 1678 518 1710; x_wconf 84' lang='lat' dir='ltr'><strong>nimirum</strong></span> <span class='ocrx_word' id='word_1_213' title='bbox 541 1676 675 1710; x_wconf 79' lang='lat' dir='ltr'><strong>feliciter</strong></span> <span class='ocrx_word' id='word_1_214' title='bbox 696 1686 767 1709; x_wconf 85' lang='lat' dir='ltr'><strong>eam</strong></span> <span class='ocrx_word' id='word_1_215' title='bbox 786 1675 850 1707; x_wconf 53' lang='lat' dir='ltr'><strong>sibi&gt;</strong></span> <span class='ocrx_word' id='word_1_216' title='bbox 871 1674 1053 1707; x_wconf 80' lang='lat' dir='ltr'><strong>mandatam</strong></span> <span class='ocrx_word' id='word_1_217' title='bbox 1074 1681 1217 1719; x_wconf 86' lang='lat' dir='ltr'><strong>partem,</strong></span> <span class='ocrx_word' id='word_1_218' title='bbox 1246 1670 1353 1704; x_wconf 81' lang='lat' dir='ltr'><strong>habita</strong></span> <span class='ocrx_word' id='word_1_219' title='bbox 1382 1669 1424 1702; x_wconf 81' lang='lat' dir='ltr'><strong>de</strong></span> <span class='ocrx_word' id='word_1_220' title='bbox 1446 1672 1625 1714; x_wconf 82' lang='lat' dir='ltr'><strong>praecipua</strong></span> 
     </span>
    </p>
   </div>
   <div class='ocr_carea' id='block_1_18' title="bbox 139 1730 1677 1779">
    <p class='ocr_par' dir='ltr' id='par_1_18' title="bbox 139 1730 1677 1779">
     <span class='ocr_line' id='line_1_25' title="bbox 139 1730 1677 1779; baseline -0.008 -11"><span class='ocrx_word' id='word_1_221' title='bbox 139 1735 377 1768; x_wconf 68' lang='lat' dir='ltr'><strong>Providentiae</strong></span> <span class='ocrx_word' id='word_1_222' title='bbox 397 1737 483 1779; x_wconf 83' lang='lat' dir='ltr'><strong>Lege</strong></span> <span class='ocrx_word' id='word_1_223' title='bbox 509 1735 545 1768; x_wconf 77' lang='lat' dir='ltr'><strong>t&#39;n</strong></span> <span class='ocrx_word' id='word_1_224' title='bbox 580 1736 723 1766; x_wconf 73' lang='lat' dir='ltr'><strong>Historia</strong></span> <span class='ocrx_word' id='word_1_225' title='bbox 755 1731 961 1765; x_wconf 70' lang='lat' dir='ltr'><strong>observanda</strong></span> <span class='ocrx_word' id='word_1_226' title='bbox 987 1733 1162 1771; x_wconf 87' lang='lat' dir='ltr'><strong>Oratione,</strong></span> <span class='ocrx_word' id='word_1_227' title='bbox 1196 1730 1451 1772; x_wconf 80' lang='lat' dir='ltr'><strong>elegantissimus</strong></span> <span class='ocrx_word' id='word_1_228' title='bbox 1483 1737 1626 1758; x_wconf 64' lang='lat' dir='ltr'><strong>prenn-</strong></span> <span class='ocrx_word' id='word_1_229' title='bbox 1673 1754 1677 1756; x_wconf 87' lang='lat'>.</span> 
     </span>
    </p>
   </div>
   <div class='ocr_carea' id='block_1_19' title="bbox 147 1782 1625 2060">
    <p class='ocr_par' dir='ltr' id='par_1_19' title="bbox 147 1782 1625 2060">
     <span class='ocr_line' id='line_1_26' title="bbox 152 1782 1625 1835; baseline -0.007 -13"><span class='ocrx_word' id='word_1_230' title='bbox 152 1801 353 1830; x_wconf 52' lang='lat' dir='ltr'><strong>maxumus,</strong></span> <span class='ocrx_word' id='word_1_231' title='bbox 384 1791 509 1823; x_wconf 85' lang='lat' dir='ltr'><strong>dudum</strong></span> <span class='ocrx_word' id='word_1_232' title='bbox 536 1798 568 1824; x_wconf 86' lang='lat' dir='ltr'><strong>et</strong></span> <span class='ocrx_word' id='word_1_233' title='bbox 593 1790 680 1835; x_wconf 87' lang='lat' dir='ltr'><strong>apud</strong></span> <span class='ocrx_word' id='word_1_234' title='bbox 706 1792 930 1822; x_wconf 89' lang='lat' dir='ltr'><strong>Doccumanos</strong></span> <span class='ocrx_word' id='word_1_235' title='bbox 953 1798 1063 1827; x_wconf 90' lang='lat' dir='ltr'><strong>meos,</strong></span> <span class='ocrx_word' id='word_1_236' title='bbox 1094 1793 1127 1819; x_wconf 89' lang='lat' dir='ltr'><strong>et</strong></span> <span class='ocrx_word' id='word_1_237' title='bbox 1155 1786 1242 1830; x_wconf 91' lang='lat' dir='ltr'><strong>apud</strong></span> <span class='ocrx_word' id='word_1_238' title='bbox 1266 1783 1488 1817; x_wconf 89' lang='lat' dir='ltr'><strong>Harlemenses</strong></span> <span class='ocrx_word' id='word_1_239' title='bbox 1508 1782 1625 1814; x_wconf 85' lang='lat' dir='ltr'><strong>eximia</strong></span> 
     </span>
     <span class='ocr_line' id='line_1_27' title="bbox 147 1839 1624 1890; baseline -0.007 -11"><span class='ocrx_word' id='word_1_240' title='bbox 147 1848 326 1890; x_wconf 65' lang='lat' dir='ltr'><strong>juventutis</strong></span> <span class='ocrx_word' id='word_1_241' title='bbox 351 1848 575 1887; x_wconf 83' lang='lat' dir='ltr'><strong>institutione,</strong></span> <span class='ocrx_word' id='word_1_242' title='bbox 607 1854 677 1879; x_wconf 88' lang='lat' dir='ltr'><strong>tum</strong></span> <span class='ocrx_word' id='word_1_243' title='bbox 704 1853 737 1878; x_wconf 88' lang='lat' dir='ltr'><strong>et</strong></span> <span class='ocrx_word' id='word_1_244' title='bbox 761 1846 887 1889; x_wconf 84' lang='lat' dir='ltr'><strong>scriptis</strong></span> <span class='ocrx_word' id='word_1_245' title='bbox 911 1846 978 1877; x_wconf 84' lang='lat' dir='ltr'><strong>suis</strong></span> <span class='ocrx_word' id='word_1_246' title='bbox 1011 1843 1144 1883; x_wconf 83' lang='lat' dir='ltr'><strong>ceteris,</strong></span> <span class='ocrx_word' id='word_1_247' title='bbox 1173 1849 1221 1882; x_wconf 89' lang='lat' dir='ltr'><strong>et,</strong></span> <span class='ocrx_word' id='word_1_248' title='bbox 1254 1853 1336 1886; x_wconf 85' lang='lat' dir='ltr'><strong>quae</strong></span> <span class='ocrx_word' id='word_1_249' title='bbox 1360 1851 1439 1872; x_wconf 84' lang='lat' dir='ltr'><strong>auro</strong></span> <span class='ocrx_word' id='word_1_250' title='bbox 1465 1839 1624 1883; x_wconf 84' lang='lat' dir='ltr'><strong>potiorem</strong></span> 
     </span>
     <span class='ocr_line' id='line_1_28' title="bbox 150 1894 1624 1946; baseline -0.007 -11"><span class='ocrx_word' id='word_1_251' title='bbox 150 1903 285 1946; x_wconf 84' lang='lat' dir='ltr'><strong>gloriam</strong></span> <span class='ocrx_word' id='word_1_252' title='bbox 311 1905 448 1944; x_wconf 88' lang='lat' dir='ltr'><strong>meruit,</strong></span> <span class='ocrx_word' id='word_1_253' title='bbox 470 1903 510 1935; x_wconf 90' lang='lat' dir='ltr'><strong>de</strong></span> <span class='ocrx_word' id='word_1_254' title='bbox 531 1905 676 1942; x_wconf 87' lang='lat' dir='ltr'><strong>Latinis,</strong></span> <span class='ocrx_word' id='word_1_255' title='bbox 706 1913 790 1946; x_wconf 89' lang='lat' dir='ltr'><strong>quos</strong></span> <span class='ocrx_word' id='word_1_256' title='bbox 819 1901 964 1944; x_wconf 85' lang='lat' dir='ltr'><strong>Belgium</strong></span> <span class='ocrx_word' id='word_1_257' title='bbox 991 1900 1088 1940; x_wconf 81' lang='lat' dir='ltr'><strong>tulit,</strong></span> <span class='ocrx_word' id='word_1_258' title='bbox 1120 1899 1226 1932; x_wconf 70' lang='lat' dir='ltr'><strong>Poetis</strong></span> <span class='ocrx_word' id='word_1_259' title='bbox 1250 1897 1538 1934; x_wconf 86' lang='lat' dir='ltr'><strong>commentatione,</strong></span> <span class='ocrx_word' id='word_1_260' title='bbox 1561 1894 1624 1926; x_wconf 89' lang='lat' dir='ltr'><strong>cla-</strong></span> 
     </span>
     <span class='ocr_line' id='line_1_29' title="bbox 152 1951 1624 2002; baseline -0.004 -13"><span class='ocrx_word' id='word_1_261' title='bbox 152 1969 226 1990; x_wconf 82' lang='lat' dir='ltr'><strong>rum</strong></span> <span class='ocrx_word' id='word_1_262' title='bbox 250 1959 334 1991; x_wconf 71' lang='lat' dir='ltr'><strong>inter</strong></span> <span class='ocrx_word' id='word_1_263' title='bbox 360 1962 446 1992; x_wconf 77' lang='lat' dir='ltr'><strong>viros</strong></span> <span class='ocrx_word' id='word_1_264' title='bbox 473 1960 613 1992; x_wconf 64' lang='lat' dir='ltr'><strong>literatos</strong></span> <span class='ocrx_word' id='word_1_265' title='bbox 637 1969 759 1992; x_wconf 87' lang='lat' dir='ltr'><strong>nomen</strong></span> <span class='ocrx_word' id='word_1_266' title='bbox 782 1965 917 1998; x_wconf 85' lang='lat' dir='ltr'><strong>nactus,</strong></span> <span class='ocrx_word' id='word_1_267' title='bbox 939 1959 994 1990; x_wconf 90' lang='lat' dir='ltr'><strong>cui</strong></span> <span class='ocrx_word' id='word_1_268' title='bbox 1025 1967 1178 2002; x_wconf 83' lang='lat' dir='ltr'><strong>prospera</strong></span> <span class='ocrx_word' id='word_1_269' title='bbox 1205 1955 1315 1988; x_wconf 86' lang='lat' dir='ltr'><strong>omnia</strong></span> <span class='ocrx_word' id='word_1_270' title='bbox 1342 1960 1375 1986; x_wconf 84' lang='lat' dir='ltr'><strong>et</strong></span> <span class='ocrx_word' id='word_1_271' title='bbox 1403 1951 1543 1986; x_wconf 86' lang='lat' dir='ltr'><strong>secunda</strong></span> <span class='ocrx_word' id='word_1_272' title='bbox 1570 1961 1624 1995; x_wconf 85' lang='lat' dir='ltr'><strong>ap-</strong></span> 
     </span>
     <span class='ocr_line' id='line_1_30' title="bbox 152 2026 332 2060; baseline -0.006 -12"><span class='ocrx_word' id='word_1_273' title='bbox 152 2026 332 2060; x_wconf 75' lang='lat' dir='ltr'><strong>precamur.</strong></span> 
     </span>
    </p>
   </div>
   <div class='ocr_carea' id='block_1_20' title="bbox 921 2115 1627 2169">
    <p class='ocr_par' dir='ltr' id='par_1_20' title="bbox 921 2115 1627 2169">
     <span class='ocr_line' id='line_1_31' title="bbox 921 2115 1627 2169; baseline -0.014 -2"><span class='ocrx_word' id='word_1_274' title='bbox 921 2129 951 2167; x_wconf 74' lang='lat' dir='ltr'>D</span> <span class='ocrx_word' id='word_1_275' title='bbox 974 2126 997 2169; x_wconf 73' lang='lat'><strong>3,</strong></span> <span class='ocrx_word' id='word_1_276' title='bbox 1571 2115 1627 2159; x_wconf 57' lang='grc' dir='ltr'><strong>ξιξ</strong></span> 
     </span>
    </p>
   </div>
  </div>
 </body>
</html>
