1930 2448
351 123 582 157 RESPONSIO
608 131 650 154 AD
676 121 987 163 QUAESTIONEM
1016 123 1298 156 LITERARIAM.
1550 133 1589 156 11r

70 213 176 244 lectum
200 209 292 240 fuisse
313 209 467 245 credatur,
497 208 639 238 incertum
662 215 756 238 tamen
775 215 819 239 est
841 208 876 237 de
902 216 1024 244 quonam
1047 208 1211 237 Ptolemaeo
1234 208 1342 237 mentio
1362 207 1431 246 fiat3
1462 209 1524 239 sive
1543 211 1584 240 sic

69 263 233 301 intelligaS,
260 268 293 291 ut
311 261 492 291 Ptolemaeus
512 260 622 297 primus
641 260 737 299 (Lagi
760 260 863 296 filius)
882 259 1021 288 Museum
1039 260 1209 297 collegerit,
1237 260 1285 289 ille
1313 267 1478 297 apparatum
1502 262 1585 291 colli-

72 325 137 354 gere
160 314 275 351 potuit,
299 311 429 349 quamvis
451 311 624 341 bibliotheca
641 312 702 348 ipsa
721 311 812 341 serius
833 312 946 340 demum
964 310 1121 340 constituta
1136 319 1221 347 atque
1239 312 1368 340 ordinata
1388 312 1488 342 fucrit.

110 366 306 396 Bibliothecae
330 364 440 400 primus
459 363 583 400 praefuit
603 363 770 392 Demetrius
794 363 967 397 Phalereus,
990 362 1024 391 ad
1044 371 1126 398 quain
1146 362 1185 390 ita
1203 371 1273 391 usus
1293 370 1336 391 est
1355 364 1463 393 divitiis
1488 365 1589 395 Ptole·

73 418 165 454 maei,
186 424 220 446 ut
245 416 375 444 dubitare
393 415 494 451 liceat,
524 424 559 444 an
586 415 687 443 melius
712 414 840 451 impendi
858 413 1021 450 potuerint.
1061 413 1209 442 Credibile
1230 421 1273 442 est
1299 414 1427 444 Graecos
1452 424 1586 447 auctores

72 477 101 500 et
120 470 220 506 poetas
233 488 244 504 ,
267 467 316 504 qui
335 468 390 504 jam
410 475 443 495 eo
465 473 594 503 tempore
612 466 725 500 classici
743 465 941 500 habebantur,
962 464 1072 501 primos
1088 466 1228 494 collectos
1250 474 1323 495 esse.
1366 468 1511 496 Auctores
1529 471 1589 497 Ae-

74 519 200 559 gyptiaci
219 525 348 554 veteres,
371 518 420 554 qui
440 517 542 547 famam
563 518 619 546 sibi
641 524 876 555 comparaverant
897 516 1008 554 (ρο),
1031 518 1125 545 locum
1147 516 1177 546 in
1201 517 1250 547 illa
1276 518 1422 548 iuvenisse
1440 526 1587 555 putamus.

69 572 243 611 Judaeorum
265 579 383 606 quoque
400 577 531 598 auctores
549 569 662 598 classici
686 569 715 598 in
734 570 811 598 illam
831 568 1075 605 admittebantur3
1098 576 1268 604 quamquam
1288 569 1474 599 dubitandum
1491 578 1535 601 est
1553 581 1588 602 an

75 623 172 653 versio
191 621 372 659 septuaginta
390 620 578 656 interpretum
600 622 655 658 jan]
676 619 705 649 in
725 620 795 656 ipsis
814 619 1011 649 Bibliothecae
1030 619 1119 650 initiis
1137 619 1291 651 exstiterit.
1333 621 1514 652 Probabilins
1536 633 1589 653 no-

74 675 120 704 bis
139 674 234 704 visum
253 680 317 709 est,
339 673 415 702 illam
435 671 548 707 serius,
570 678 705 709 regnante
719 672 882 701 Ptolemaeo
897 671 1086 709 Philadelpho
1105 672 1265 702 inchoatam
1286 682 1348 703 esse
1368 675 1469 712 (21).
1509 675 1591 713 Quid

74 726 177 756 mirum
189 725 296 762 igitur,
317 725 342 754 si
361 731 524 762 spectemus
541 723 751 760 divitias‚qnas
770 723 936 752 Demetrius
952 723 1082 752 adhibuit
1093 744 1103 759 ,
1122 730 1149 752 et
1163 725 1356 762 prudentiam,
1369 735 1425 763 qua
1445 727 1590 765 conjicere

73 777 140 808 licet
166 786 212 806 eas
233 777 378 813 impensas
406 784 489 811 esse,
517 776 573 812 jam
597 775 666 804 vivo
689 775 859 811 Demetrio,
888 775 1121 805 innumerabilem
1151 775 1293 805 librorum
1317 777 1530 807 multitudinem
1559 779 1590 808 in

72 828 212 858 Museum
230 834 279 856 aut
298 827 327 857 in
343 827 550 858 Bibliothecarn
568 833 693 855 coactam
713 826 814 856 fuisse.
850 826 1032 863 Epiphanius
1056 827 1144 863 (22)
1166 829 1251 857 tradit
1272 830 1449 858 Demetrium
1477 830 1591 867 roganti

72 880 254 915 Ptolemaeo,
274 885 345 914 quot
357 878 422 907 libri
437 878 467 907 in
487 878 666 907 Bibliotheca
684 879 900 915 reperirentur,
922 878 1130 915 respondisse:
1158 880 1366 917 quinquaginta
1384 888 1508 916 quatuor
1527 881 1592 910 mil-

74 930 114 961 lia
138 937 167 960 et
190 930 388 968 octingentos.
424 930 571 968 Josephus
589 939 660 960 vero
681 931 768 969 (23)
788 929 957 966 contendit⁹
984 930 1136 959 affirmasse
1153 931 1331 960 Demetrium
1350 940 1382 960 se
1404 934 1460 970 Jam
1484 934 1592 962 ducen-

1566 991 1595 1014 ta

72 1065 142 1090 tutio
168 1063 222 1089 dici
244 1064 368 1096 possint,
391 1064 504 1091 aiterum
530 1070 615 1090 tamen
644 1069 678 1089 ne
704 1070 755 1097 pro
779 1064 860 1090 altera
884 1063 1019 1096 accipias,
1048 1065 1155 1090 omnino
1177 1065 1322 1091 cavendum
1349 1072 1396 1092 est.
1434 1066 1474 1092 De
1493 1068 1593 1093 Museo

72 1109 255 1138 Alexandrino
276 1111 381 1136 omnino
404 1111 524 1137 videatur
549 1112 715 1143 praeclarum
737 1118 802 1142 opus
828 1109 902 1137 doct.
925 1112 949 1145 J.
968 1111 1099 1144 Matteri,
1116 1111 1133 1151 η(
1145 1113 1220 1138 Essai
1246 1112 1397 1144 historique
1422 1120 1467 1139 sur
1492 1113 1592 1140 l'ecole

70 1156 289 1189 d'Alexandrie)
307 1158 353 1190 qui
374 1163 458 1184 tamen
481 1157 514 1184 de
536 1157 706 1184 Bibliotheca
724 1165 808 1191 pauca
826 1157 914 1185 habet.

107 1203 195 1239 (20)
214 1204 282 1230 cum
302 1204 431 1230 Manetho
451 1205 499 1231 sub
520 1206 675 1231 Ptolemaeo
699 1204 874 1236 Philadelpho
896 1204 1001 1230 demum
1021 1205 1163 1236 floruerit,
1182 1212 1212 1231 ut
1234 1213 1267 1232 ex
1288 1206 1358 1232 illius
1383 1206 1454 1232 libro
1476 1209 1523 1237 τῆς
1541 1212 1594 1235 Σω-

72 1251 134 1283 θέως
149 1257 276 1284 apparet,
295 1251 353 1284 ejus
371 1252 472 1284 scripta
492 1253 522 1277 ab
545 1252 624 1278 initio
645 1250 706 1277 inde
722 1251 909 1277 Bibliothecae
926 1253 995 1278 illata
1014 1259 1067 1277 non
1087 1258 1159 1280 sunt.
1193 1252 1260 1280 Vid.
1279 1253 1433 1285 Fabricius,
1454 1254 1523 1280 Bib1.
1544 1256 1594 1281 Gr.

108 1296 193 1330 (21)
211 1296 278 1324 Vid.
297 1305 362 1330 quae
377 1299 456 1331 paulo
476 1305 538 1331 post
549 1298 586 1324 ide
613 1299 740 1324 versione
761 1299 925 1332 septuaginta
949 1299 1119 1331 interpretum
1143 1299 1238 1326 dicam.
1274 1300 1391 1326 Disertis
1417 1302 1507 1327 verbis
1528 1301 1596 1330 dicit

74 1344 101 1371 S.
112 1344 288 1377 Epiphanius,
304 1343 336 1369 de
351 1351 434 1370 mens.
453 1350 479 1369 et
497 1345 579 1378 pond.
598 1345 693 1378 ρ.569.
711 1364 728 1378 ,,
739 1346 904 1371 Ptolemaeus
921 1345 968 1371 hic
980 1345 1188 1380 Philadelphus,
1199 1347 1276 1379 cuius
1288 1354 1409 1380 tempore
1426 1350 1593 1382 septuaginta

73 1389 128 1415 duo
149 1390 312 1423 interpretes
334 1391 500 1423 interpretati
524 1391 611 1418 sunt.''
649 1391 699 1417 Sed
723 1391 868 1424 Epiphanii
889 1399 941 1418 non
967 1400 1083 1425 magnam
1109 1400 1168 1419 esse
1190 1394 1394 1426 auctoritatem,
1419 1396 1479 1421 satis
1505 1403 1595 1428 super-

31 1466 33 1468 ,
74 1442 129 1467 que
149 1442 266 1463 constat.
301 1436 345 1463 Sic
369 1436 465 1464 eodem
485 1437 545 1464 fere
570 1439 632 1465 loco
652 1445 756 1471 narrat,
781 1438 918 1465 Romanos
946 1446 1057 1472 quoque
1082 1441 1181 1473 ingenii
1201 1441 1328 1467 tributum
1355 1442 1488 1474 solvisse,
1510 1443 1595 1468 libros

73 1488 138 1508 suos
159 1483 348 1509 Alexandriam
367 1485 513 1512 mittenteS.

109 1527 196 1562 (22)
222 1547 240 1562 „
261 1529 350 1563 Quum
371 1537 457 1557 antem
487 1538 529 1557 res
551 1532 736 1565 procederet,
763 1540 789 1559 et
812 1534 874 1560 libri
900 1532 1078 1567 undequaque
1104 1535 1323 1566 cumularentur,
1348 1535 1525 1567 interrogavit
1547 1534 1597 1560 ali-

76 1575 183 1608 quando
202 1575 266 1601 Rex
288 1582 366 1607 eum,
392 1578 437 1602 cui
456 1577 651 1604 Bibliothecam
668 1580 850 1611 commiserat,
876 1586 1002 1612 quotnam
1021 1586 1107 1605 essent
1128 1581 1189 1605 libri
1213 1581 1238 1606 in
1264 1581 1451 1606 bibliothecam
1475 1581 1597 1609 collecti.

76 1622 127 1648 Ille
146 1629 213 1648 vero
237 1622 309 1656 Regi
329 1623 490 1657 respondit:
513 1624 565 1657 jam
590 1631 652 1650 sunt
676 1626 864 1659 quinquaginta
892 1633 1007 1659 quatuor
1034 1627 1117 1652 millia
1139 1627 1291 1659 librorum,
1318 1633 1344 1654 et
1366 1627 1516 1660 octingenti
1538 1629 1598 1660 plus

75 1687 94 1702 ‚,
111 1669 227 1696 minus.''

110 1712 195 1748 (23)
219 1714 352 1748 Josephus
371 1715 463 1748 Antiq.
481 1715 584 1750 Judaic.
596 1717 661 1744 XII.
677 1725 703 1744 2.
730 1726 757 1751 p.
770 1720 830 1751 586.
863 1719 938 1747 Edit.
957 1721 1073 1748 Haverc.
1085 1740 1094 1752 ‚
1112 1721 1229 1755 ἐρομένου
1245 1722 1275 1749 δὲ
1290 1723 1370 1750 αὐτον
1382 1727 1448 1751 ποτὲ
1466 1725 1514 1751 τοῦ
1530 1730 1600 1752 Πτο-

44 1786 46 1789 ,
75 1761 190 1793 ’λεμοιίου
211 1761 295 1791 πόσιις
324 1760 370 1790 ἤὲκ
390 1762 516 1795 μυριάδας
536 1764 595 1796 ἔχει
617 1767 818 1798 συνειλεγμένοις
840 1767 969 1798 βιβλίων,
996 1770 1047 1793 τῶν
1068 1770 1115 1799 μὲν
1139 1768 1308 1801 ὑπαρχόντων
1332 1768 1395 1796 εἶναι
1418 1773 1474 1803 orep?
1498 1773 1599 1803 εἴκοσι,

78 1805 172 1840 &Myon
188 1806 216 1832 δέ
231 1807 325 1840 χρόνον
336 1825 344 1838 ,
363 1808 400 1838 εἷς
417 1810 579 1839 πεντήκοντα
599 1812 765 1844 συναθροίσειν
779 1817 834 1838 etc.
856 1812 902 1838 Cf.
916 1813 1034 1838 Aristeas
1045 1831 1052 1843 ,
1071 1812 1102 1838 ad
1120 1814 1186 1839 calc.
1203 1814 1332 1848 Josephi,
1356 1817 1433 1843 Tom.
1447 1818 1483 1844 11.
1502 1826 1529 1850 p.
1542 1825 1600 1852 104.

73 1850 127 1885 'qui
143 1852 231 1878 eadem
247 1853 339 1880 refert.
360 1853 475 1880 Rufinus
494 1862 597 1888 tamen,
615 1858 810 1884 vetustissimus
829 1858 940 1894 Josephi
959 1860 1091 1893 interpres
1103 1879 1111 1891 ‚
1129 1856 1260 1894 χιλιάδας
1280 1871 1331 1896 pro
1351 1865 1478 1897 μυριάδας
1504 1867 1529 1891 in
1550 1874 1600 1892 suo

79 1897 185 1924 Codice
223 1906 373 1931 repererat,
401 1907 431 1926 ut
459 1908 493 1926 ex
524 1902 594 1929 illius
632 1905 757 1931 versione
792 1911 911 1938 apparet.
955 1906 1009 1932 Pro
1034 1908 1155 1933 lectione
1185 1909 1312 1942 μνριοίἓοις
1334 1918 1434 1944 pugnat
1458 1912 1600 1945 Aristeae,

78 1942 188 1978 Josephi
206 1951 232 1970 et
252 1945 366 1971 Eusebii
389 1953 553 1979 consensus,
573 1950 620 1982 qui
646 1957 730 1977 tamen
748 1952 817 1978 haud
842 1953 878 1979 ita
902 1955 986 1986 magni
1013 1962 1051 1981 est
1075 1955 1208 1989 ponderis.
1245 1957 1314 1983 Cum
1340 1958 1367 1983 in
1388 1958 1474 1985 Codd.
1500 1960 1602 1985 numeri

80 1997 131 2023 per
149 1992 300 2025 scripturae
325 1994 485 2027 compendia
508 1997 716 2031 significentur,
735 2000 814 2027 facile
839 2002 886 2028 hac
910 2003 936 2027 in
958 2008 987 2026 re
1014 2003 1098 2028 errari
1122 2004 1220 2036 potuit.
1255 2005 1396 2037 Praeterea
1415 2006 1537 2032 lectionis
1563 2006 1601 2031 di-

80 2037 191 2063 versitas
212 2038 281 2075 apud
297 2039 458 2074 Josephum,
477 2043 517 2068 sic
542 2045 671 2077 explicari
690 2053 798 2080 potest,
816 2057 846 2075 ut
865 2051 922 2083 ipse
947 2049 1053 2082 quidem
1077 2050 1102 2076 in
1122 2050 1226 2076 Aristea
1243 2051 1329 2077 adhuc
1353 2054 1488 2085 repererit
1507 2054 1604 2086 χιλιά·

80 2081 128 2117 δας
142 2101 153 2116 2
172 2085 243 2118 quod
260 2085 386 2121 deinceps
406 2088 433 2113 in
448 2089 575 2123 μυριάδας
594 2099 720 2121 mutatum
738 2097 783 2123 sit.
819 2096 879 2122 Hoc
901 2104 968 2123 vero
986 2098 1082 2131 partim
1106 2104 1166 2124 ante
1190 2100 1282 2126 oculos
1309 2100 1430 2127 habuisse
1453 2100 1601 2127 Eusebium

871 2144 893 2169 B
913 2151 928 2169 2
1540 2154 1604 2174 cen-
