1930 2448
325 128 359 157 38
688 126 1465 164 G.C.B.SUR1NGAR

327 210 469 240 tabantur.
511 210 588 249 Quid
616 210 712 249 itaque
743 213 904 250 agendum?
934 213 1079 249 quomodo
1105 220 1132 242 et
1162 221 1296 250 quaenam
1321 215 1375 243 hac
1400 216 1428 245 in
1453 225 1481 245 re
1505 217 1586 253 optio
1610 223 1653 247 est
1680 217 1830 249 facienda?

327 262 374 290 An
399 261 598 297 inquirendum
622 271 664 292 est
689 263 717 293 in
743 271 892 293 auctorum
918 265 1098 301 singulorum
1123 266 1340 295 auctoritatem?
1371 267 1444 304 Quis
1468 275 1558 297 autem
1580 270 1651 298 hanc
1673 270 1830 305 ponderare

327 312 454 348 poterit,
484 314 508 342 si
534 323 548 342 a
576 315 676 350 quavis
701 314 760 343 fere
779 323 860 352 parte
888 322 965 345 stent
991 315 1064 351 viri,
1093 315 1219 345 veritatis
1247 319 1421 352 quaerendae
1447 319 1648 348 studiosissimi
1673 327 1701 348 et
1729 321 1831 349 obser-

326 363 472 392 vationum
503 364 692 394 faciendarum
722 366 914 403 peritissimi?
951 367 1100 396 Undenam
1128 373 1191 402 est,
1224 368 1302 403 quod
1334 368 1362 396 in
1387 369 1434 397 tali
1464 370 1628 406 labyrintho
1655 371 1827 400 versemur?

325 411 474 442 Undcnam
504 423 571 445 sunt
597 423 641 445 tot
668 417 715 446 illa
737 417 846 453 dubia,
869 426 940 453 quae
967 418 1041 447 circa
1063 419 1118 447 hoc
1144 426 1339 455 argumentum
1363 421 1543 456 supersunt?
1574 421 1659 451 Unde
1684 421 1831 458 explicans

321 463 374 491 dns
400 473 517 501 magnus
543 467 591 496 ille
615 476 765 496 auctorum
787 468 958 497 dissensus?

358 514 405 543 En
433 518 614 551 quaestiones
640 519 704 548 Viri
730 520 801 554 Cl.,
826 519 860 547 ad
888 527 958 554 quas
981 519 1112 555 inprimis
1135 521 1336 550 attendendum
1363 531 1424 551 esse
1452 529 1546 559 puto,
1568 532 1675 559 quum,
1704 523 1728 551 si
1754 524 1827 552 haec

319 564 390 593 bene
415 567 489 596 solvi
517 570 650 606 possint,
678 572 765 599 multa
793 570 901 606 dubia,
925 578 996 605 quae
1018 569 1047 599 in
1070 571 1121 599 hac
1146 580 1176 599 re
1205 572 1410 609 inveniuntur,
1442 574 1466 601 si
1491 583 1550 603 non
1572 574 1654 609 tolli,
1686 572 1824 609 explicari

318 617 415 645 saltem
441 627 528 654 posse
555 621 722 658 videantur3
757 621 920 651 indicandae
945 621 1040 656 itaque
1066 628 1135 650 sunt
1160 622 1305 659 rationes,
1328 632 1342 652 e
1371 624 1474 659 quibus
1504 631 1673 660 auctorum,
1699 625 1732 653 de
1756 623 1824 653 caui

316 666 345 695 in
369 669 484 699 ossibus
505 672 623 707 genesi,
656 673 803 702 dissensus
832 672 953 709 intelligi
982 679 1009 701 et
1036 672 1157 701 derivari
1184 674 1289 709 possit.
1339 674 1438 710 Atque
1463 676 1514 703 hae
1533 676 1644 711 quidem
1671 675 1820 711 rationes,

317 720 446 755 quamvis
474 722 646 758 multiplices
675 723 753 760 sint,
775 725 810 753 ad
832 731 985 760 sequentes
1010 730 1102 752 tamen
1125 724 1225 752 referri
1250 734 1337 761 posse
1363 726 1506 755 videntur.

355 780 381 800 1.
418 772 552 808 Plerique
576 773 690 802 illorum
715 782 883 811 auctorum,
916 775 965 811 qui
992 783 1044 811 per
1071 775 1260 811 experimenta
1291 776 1356 805 calli
1388 777 1528 813 originem
1555 775 1696 812 explicare
1723 776 1820 805 conati

311 828 397 857 sunt,
419 822 558 852 fracturas
585 825 694 854 ossium
721 834 772 862 per
793 824 906 862 aliquot
932 832 1066 861 tantum,
1096 832 1164 862 post
1190 825 1292 855 horum
1317 827 1488 863 laesionem,
1519 822 1578 854 dies
1602 827 1816 863 examinarunt,

310 872 376 901 hinc
405 873 434 902 in
460 874 627 904 universum
654 877 757 905 callum
779 876 994 912 descripserunt
1017 878 1120 912 talem,
1147 878 1259 913 qualem
1282 886 1344 906 eum
1369 878 1470 914 primis
1494 884 1560 913 post
1583 876 1734 906 fracturam
1756 878 1818 907 die·

310 923 364 952 bus
393 923 585 962 invenerunt,
613 935 708 962 neque
740 927 809 957 satis
841 927 1051 963 observarunt,
1080 936 1149 957 num
1176 928 1365 965 sequentibus
1397 937 1514 966 quoque
1545 928 1723 965 temporibus
1748 928 1815 958 talis

310 982 450 1011 restaret,
473 984 501 1005 et
528 978 626 1006 eodem
652 987 715 1007 sese
740 987 855 1016 semper
879 979 1025 1009 exhiberet
1046 980 1145 1009 modo.

350 1035 378 1054 ε.
400 1027 505 1063 Neque
530 1030 635 1057 callum
652 1038 710 1059 non
726 1037 835 1059 tantum
853 1039 933 1066 non,
949 1031 1006 1060 nisi
1020 1031 1119 1068 primis
1135 1038 1203 1068 post
1221 1031 1370 1062 fracturam
1389 1032 1510 1068 diebus,
1529 1032 1721 1062 examinarunt
1733 1052 1744 1067 ,
1760 1032 1812 1061 sed

308 1076 390 1105 etiam
409 1086 468 1106 non
488 1079 523 1107 ad
543 1080 655 1108 eosdem
678 1089 771 1117 usque
792 1081 853 1111 dies
877 1083 932 1111 hoc
956 1091 1039 1111 suum
1062 1091 1179 1112 examen
1200 1083 1404 1119 instituerunt,
1425 1083 1476 1111 sed
1501 1081 1607 1118 singuli
1630 1082 1689 1110 fere
1710 1088 1811 1111 aucto-

306 1135 350 1154 res
378 1127 490 1163 privum
516 1136 543 1157 et
570 1130 739 1165 peculiarem
765 1132 794 1161 in
817 1133 873 1161 hoc
895 1133 1019 1162 examine
1043 1141 1194 1163 servarunt
1216 1134 1356 1163 ordinem.
1398 1133 1445 1162 Sic
1466 1141 1498 1163 v.
1514 1141 1542 1162 c.
1563 1132 1613 1162 Cl.
1633 1132 1684 1161 Du
1702 1133 1811 1162 Hame-

302 1177 359 1206 lius
384 1187 435 1214 per
462 1179 645 1216 quindecim,
669 1181 718 1211 Cl.
737 1182 828 1220 TroJa
848 1192 899 1219 per
924 1184 1103 1220 octodecim,
1124 1184 1285 1213 Dethlefius
1305 1192 1357 1221 per
1375 1183 1478 1220 vigimi
1503 1182 1650 1219 quinque,
1672 1189 1700 1212 et
1721 1183 1809 1214 Doct.

303 1228 449 1266 Howship
470 1238 520 1265 per
538 1230 655 1268 triginta
673 1233 731 1261 duo
748 1233 808 1263 dies
820 1256 830 1270 ,
855 1234 964 1263 ossium
981 1236 1083 1264 callum
1106 1235 1311 1264 observarunt.
1349 1235 1410 1273 Jam
1428 1242 1516 1269 vero,
1540 1233 1686 1270 quomodo
1703 1233 1809 1263 horum

301 1278 437 1308 Virorum
461 1281 592 1311 Doctiss.
622 1284 801 1321 sententiae,
831 1284 856 1314 si
880 1286 933 1315 liae
960 1294 997 1315 ex
1029 1286 1157 1315 omnium
1184 1286 1294 1316 dierum
1321 1284 1574 1315 observationibus
1596 1284 1682 1314 simul
1704 1284 1806 1314 sumtis

301 1330 510 1368 conficiantur,
533 1342 628 1362 secum
655 1335 776 1365 invicem
801 1337 956 1367 convenire
979 1338 1127 1374 possent?

339 1391 367 1418 3.
398 1383 507 1412 Medici
525 1385 646 1414 Praetici
671 1393 771 1416 contra
790 1388 898 1416 ossium
922 1390 1024 1417 callum
1043 1397 1120 1423 non,
1139 1388 1195 1418 nisi
1214 1388 1263 1417 diu
1281 1394 1349 1425 post
1363 1387 1466 1417 factam
1488 1386 1676 1422 munionem,
1700 1386 1804 1415 exami-

299 1439 403 1461 narunt
426 1435 620 1471 plerumque,
642 1444 750 1474 atque,
773 1440 852 1474 quod
873 1439 956 1468 facile
980 1439 1220 1475 intelligendum,
1242 1441 1328 1476 longe
1346 1439 1399 1468 alia
1424 1438 1616 1474 invenerunt,
1641 1446 1723 1473 quam
1740 1437 1803 1474 illi,

298 1483 348 1518 qui
373 1493 473 1513 recens
494 1486 608 1523 junctas
636 1487 777 1518 fracturas
800 1490 997 1519 examinandas
1022 1490 1077 1518 sibi
1100 1497 1276 1520 sumserunt.
1318 1489 1474 1528 Quomodo
1500 1488 1574 1517 enim
1597 1487 1659 1517 fieri
1684 1494 1802 1524 potest,
1827 1500 1832 1504 ·

298 1535 377 1569 quod
401 1535 430 1563 in
457 1536 565 1565 ossium
590 1538 744 1574 fracturis,
765 1549 818 1576 per
834 1549 937 1569 annum
953 1550 983 1569 v.
1000 1549 1029 1568 c.
1052 1541 1176 1577 sanatis,
1198 1542 1232 1570 de
1250 1540 1406 1577 periostei,
1429 1540 1458 1569 in
1480 1540 1553 1568 callo
1572 1538 1723 1573 faciendo,
1739 1538 1803 1575 dig·

295 1584 382 1614 nitate
395 1605 405 1620 ,
427 1593 513 1622 atque
541 1588 576 1616 de
594 1589 655 1617 aliis
677 1590 821 1618 similibus
840 1591 960 1627 jttdicari
978 1591 1097 1627 possit?
1128 1601 1224 1620 nonne
1245 1592 1318 1620 enirn
1339 1591 1493 1620 verisimile
1513 1597 1579 1625 est,
1609 1590 1687 1626 quod
1708 1596 1800 1619 tractu

292 1637 430 1673 temporis
460 1638 529 1666 aliae
555 1639 583 1668 in
611 1641 684 1669 callo
710 1642 802 1669 adime
828 1641 989 1670 formentur
1015 1648 1129 1677 partes,
1151 1642 1219 1671 aliae
1241 1643 1344 1671 iterum
1364 1641 1550 1677 dispareant?

329 1696 359 1722 4.
393 1688 466 1716 Sunt
484 1696 638 1726 auctores,
661 1691 710 1726 qui
734 1700 821 1727 ossa,
844 1701 895 1728 per
920 1694 1023 1720 callum
1049 1702 1162 1729 sanata,
1185 1695 1214 1723 in
1238 1693 1444 1728 cadaveribus,
1465 1694 1510 1721 vel
1533 1699 1560 1720 et
1585 1692 1613 1721 in
1632 1692 1802 1722 vetustiori-

289 1737 344 1766 bus
365 1739 480 1768 sceletis
505 1741 705 1778 invenientes,
727 1751 742 1771 a
767 1744 840 1772 callo
869 1750 983 1772 mortuo
1006 1744 1041 1773 ad
1064 1744 1184 1780 vivum,
1206 1744 1301 1780 itaque
1318 1752 1336 1787 3
1359 1751 1483 1780 corpore
1505 1743 1671 1779 inorganico
1695 1744 1730 1772 ad
1752 1752 1800 1772 or-

289 1790 438 1826 ganicum,
471 1793 686 1822 concluserunt.

326 1849 356 1877 5.
388 1841 520 1878 Plerique
548 1851 678 1873 auctores
706 1854 765 1874 non
791 1846 825 1874 ad
854 1846 947 1875 omnia
974 1853 1166 1884 symptomata
1193 1846 1221 1875 in
1246 1847 1341 1881 callo,
1372 1845 1422 1881 qui
1451 1839 1573 1874 examiniv
1593 1844 1796 1881 submittitur,

288 1891 374 1920 simul
403 1893 593 1930 invenienda,
628 1895 688 1931 pari
714 1896 810 1925 studio
833 1897 988 1926 attendisse
1014 1899 1169 1934 videntur,
1199 1899 1266 1926 dum
1300 1898 1347 1926 illa
1371 1906 1430 1926 non
1457 1906 1520 1926 raro
1556 1897 1663 1926 tradere
1686 1903 1796 1925 tantum

286 1942 400 1977 solent,
432 1952 504 1978 quae
533 1953 597 1973 cum
624 1947 766 1975 sententia
799 1953 847 1976 aut
875 1947 1024 1984 Theoi-ist,
1056 1957 1139 1984 quam
1166 1950 1375 1985 amplectuntur
1409 1948 1472 1985 illi,
1503 1947 1610 1984 optime
1636 1954 1796 1983 congruere

284 1991 447 2022 videantur.

323 2045 341 2071 6
386 2043 512 2081 Magnus
539 2054 657 2081 quoque
686 2055 835 2077 auctorum
870 2049 1018 2079 dissensus
1047 2049 1112 2078 inde
1139 2049 1325 2086 explicandus
1354 2050 1490 2085 videtur,
1523 2048 1601 2085 quod
1624 2047 1707 2077 multi
1729 2045 1796 2075 Viri

282 2092 343 2122 Cll.
369 2093 436 2130 illa,
469 2105 539 2131 qnae
574 2097 661 2126 unius
687 2099 840 2129 alteriusve
866 2100 1076 2130 observationis
1099 2108 1156 2137 ope
1178 2101 1354 2137 didicerant,
1376 2101 1405 2130 in
1424 2099 1555 2138 cujusvis
1581 2100 1722 2130 fracturae
1748 2106 1793 2126 sa-

1743 2156 1791 2178 na-
