1930 2448
384 122 460 152 RES
468 114 615 152 pousro
641 114 708 152 Tm-
727 111 1356 161 QUAEs‘rfoiQEMJ‘ssrssirauARmM.
1609 116 1628 167 ἐ

115 208 181 236 dare
204 203 335 243 possent.
377 202 450 234 Non
472 200 549 248 'enim
578 205 639 242 peti
663 200 796 242 poterat,
819 213 869 242 ut,
894 207 972 242 quod
995 200 1088 244 neque
1111 197 1282 246 Langlesiiis
1306 198 1413 248 neque*
1431 206 1539 250 Sacyus
1565 199 1621 243 effi-

116 269 180 289 cere
205 255 267 288 ausi
295 264 411 293 essent,
432 257 461 285 id
486 266 501 286 a
521 257 677 295 juvenibus
697 257 823 286 nondum
842 257 977 287 diuturno
997 260 1094 288 studio
1118 262 1282 292 exercitatis
1296 284 1306 300 ‚
1328 271 1531 300 praestaretur.

120 306 255 349 ⁷,1taque
288 309 317 337 in
349 307 468 336 historia
505 307 604 336 critica
637 308 831 337 Bibliothecae
856 307 1066 338 Alexandrinae
1092 312 1298 342 conscribenda
1316 335 1326 350 ,
1358 316 1412 343 hoc
1438 316 1507 345 mihi
1535 327 1621 354 agen-

115 365 183 393 dum
214 369 275 389 esse
306 360 402 395 duxi,
431 367 464 388 ut
481 381 492 395 ,
526 369 596 395 quae
627 360 661 388 ab
691 360 753 388 aliis
781 359 851 387 VV.
881 360 984 388 Doctis
1019 361 1066 389 hic
1093 361 1152 390 illic
1175 363 1324 394 observata
1343 365 1558 404 invenirentur,
1580 370 1621 397 di-

115 411 237 451 ligenter
266 402 464 447 conquirerem
491 417 518 438 et
544 410 617 439 inter
646 419 676 439 se
705 410 889 447 conferrem3
923 418 984 440 tum
1015 413 1049 441 ad
1074 413 1155 450 ipsos
1186 415 1364 453 scriptores,
1399 428 1471 454 quos
1498 420 1539 449 illi
1564 423 1621 459 jam

115 464 349 498 consuluissent,
371 471 416 490 me
435 459 651 497 converterem,
675 461 779 497 quibus
799 470 929 492 accurate
952 464 1080 500 legendis
1104 473 1198 494 meum
1226 476 1343 503 quoque
1367 469 1484 505 aliquod
1510 472 1543 499 de
1568 473 1619 501 hac

116 515 284 553 quaestione
308 514 388 542 fieret
410 512 571 550 judicium:
599 521 662 541 nam
690 513 771 541 aliter
796 513 910 548 quidem
934 524 949 543 a
977 524 1022 544 me
1046 516 1091 552 agi
1115 526 1174 546 non
1201 519 1353 556 potuisse,
1375 520 1458 550 facile
1485 525 1622 553 concedat

117 567 291 604 quicumque
313 565 422 601 cogitet
445 571 473 593 et
494 573 576 600 quam
602 564 705 599 multi,
728 573 870 600 quamque
890 566 995 595 diversi
1016 568 1126 604 generis
1150 569 1217 597 libri
1243 570 1272 599 in
1297 571 1352 600 hoc
1374 581 1542 609 argumento
1566 583 1622 605 tra-

116 618 220 648 ctando
241 617 299 646 sint
317 615 448 652 legendi,
472 623 500 644 et
528 624 610 652 quam
636 624 736 652 parum
753 617 896 646 sufficiant
922 619 1065 655 juveniles
1090 620 1166 650 vires
1188 622 1223 650 ad
1241 624 1323 652 talem
1341 624 1465 654 laborem
1485 626 1538 655 rite
1555 636 1624 656 con-

114 670 288 705 ficiendum;
313 677 396 704 quem
419 667 586 704 priusquam
616 667 783 704 aggrediar,
804 668 888 698 liceat
913 669 983 697 mihi
1009 670 1172 708 significare
1193 675 1340 709 quomodo
1364 676 1455 712 ipsam
1480 678 1624 713 quaestio-

113 730 178 751 nem
199 719 390 756 accipiendam
420 728 481 747 esse
506 726 618 755 putem.

152 772 193 801 Et
214 780 276 800 mea
298 770 413 806 quidem
432 770 571 799 sententia
583 791 593 805 ‚
615 770 736 798 historia
754 772 857 800 critica
877 772 1063 803 Bibliothecae
1083 775 1302 807 Alexandrinae
1324 781 1379 809 hoc
1399 780 1455 810 sibi
1478 784 1624 817 postulare

113 823 246 858 videtur,
269 828 302 850 ut
326 821 404 850 illius
430 827 511 849 ortus
538 821 734 857 describatur-3
757 828 817 850 tum
841 829 873 850 ut
899 823 978 852 illius
1001 826 1091 861 ordo,
1114 827 1246 858 instituta
1272 837 1357 866 atque
1381 832 1554 861 incrementa
1578 843 1623 862 ac.

115 881 212 904 curate
235 881 434 910 exponantur3
457 873 595 910 praefecti
616 881 852 911 cognoscantur;
874 874 999 910 denique
1031 875 1108 906 illius
1134 878 1265 908 interitus
1291 887 1318 909 et
1339 881 1403 910 finis
1429 883 1482 911 rite
1509 893 1625 913 narren-

114 932 174 955 tur.
216 925 274 954 Sed
304 933 370 953 cum
395 924 590 955 Bibliothecae
615 925 735 955 historia
761 932 838 954 tanta
863 925 1040 955 obscuritate
1062 928 1099 956 sit
1124 929 1286 966 obvoluta,
1307 938 1339 960 ut
1363 934 1451 961 multa
1477 934 1562 963 dubia
1588 942 1630 963 at-

116 986 172 1013 que
196 983 406 1011 controversa,
428 977 565 1012 pleraque
583 976 692 1005 incerta
710 976 883 1012 reperiamus
895 996 906 1012 ,
927 977 980 1005 alia
998 977 1081 1006 etiam
1099 979 1217 1008 omnino
1236 980 1423 1019 ignoremus,
1445 992 1537 1012 meum
1557 994 1627 1021 pro-

112 1028 262 1064 positum,
284 1035 317 1055 ut
343 1036 396 1062 pro
422 1027 532 1063 exiguis
562 1027 633 1055 meis
658 1027 769 1056 viribus
793 1027 959 1056 continuam
986 1028 1185 1059 Bibliothecae
1216 1031 1365 1062 historiam
1389 1035 1525 1063 traderem
1540 1057 1549 1071 ,
1581 1046 1623 1064 re-

113 1079 243 1114 linquere
266 1083 383 1106 coactus
407 1086 493 1112 sum3
524 1084 552 1106 et
579 1078 693 1114 saepius
717 1077 892 1107 verosimilia
913 1086 1059 1115 sectatus,
1090 1082 1185 1116 quoad
1214 1084 1275 1120 eJ'us
1297 1084 1360 1112 fieri
1381 1093 1501 1121 posset,
1526 1089 1625 1125 conje-

112 1136 193 1159 ctura
208 1135 357 1158 assecutus
378 1137 441 1157 sum
454 1148 466 1164 ‚
488 1128 651 1166 quidquid,
672 1136 816 1159 certorum
843 1130 1076 1160 testimoniorum
1098 1133 1234 1171 defectu,
1263 1136 1399 1164 affirmare
1425 1146 1485 1166 non
1506 1138 1624 1169 licebat.

148 1183 249 1217 Itaque
275 1179 369 1209 sentio
397 1180 552 1216 equidem,
573 1189 658 1216 quam
687 1180 855 1217 imperfecta
884 1182 922 1211 sit
945 1183 1013 1211 haec
1041 1192 1128 1219 opera
1153 1185 1181 1213 in
1211 1193 1303 1216 tantae
1331 1187 1506 1217 difficultatis
1540 1198 1624 1225 argu-

109 1239 227 1268 mento;
251 1240 324 1267 quae
351 1231 465 1266 quidem
489 1230 640 1260 difficultas
662 1231 756 1271 primo
778 1232 915 1269 adspectu
936 1242 970 1261 eo
990 1235 1080 1272 major
1099 1235 1169 1263 mihi
1191 1236 1363 1275 videbatur,
1385 1239 1464 1274 quod
1488 1240 1622 1275 putabam

110 1284 140 1313 in
158 1282 325 1319 quaestione
349 1288 473 1317 quatuor
488 1282 605 1311 omnino
633 1281 787 1319 significari
812 1283 1026 1320 bibliothecas,
1050 1294 1169 1320 quarum
1186 1289 1288 1325 prima·
1306 1289 1336 1317 in
1356 1289 1501 1324 Bruchio‚
1524 1291 1620 1319 altera

108 1335 139 1364 in
168 1333 315 1370 Serapeo,
347 1334 437 1361 tertia
467 1332 498 1361 in
527 1333 665 1362 Sebasteo
696 1333 789 1370 posita
818 1341 901 1368 erat,
931 1341 1040 1372 quarm
1068 1345 1161 1372 vero,
1192 1346 1264 1373 quae
1286 1347 1301 1367 a
1323 1339 1429 1368 Schola
1456 1341 1621 1372 Christiana

109 1386 183 1415 Alex
205 1384 302 1414 odrina
325 1392 430 1413 nomen
455 1391 621 1420 acceperat,
644 1393 659 1413 a
682 1384 825 1413 Pantaeno
848 1384 1020 1416 Atheniensi
1043 1387 1158 1416 condita
1179 1388 1272 1417 fuerat
1293 1390 1374 1426 (1).
1417 1390 1473 1419 Sed
1488 1400 1546 1419 rem
1568 1391 1622 1419 mi-

109 1437 138 1465 hi
169 1437 327 1465 accuratius
354 1436 547 1465 consideranti
579 1437 674 1466 visum
705 1445 769 1474 est,
800 1446 861 1466 non
888 1438 986 1467 harum
1017 1439 1144 1468 omnium
1173 1439 1321 1468 historiam
1350 1449 1365 1469 a
1394 1441 1461 1470 VV.
1488 1443 1625 1472 Celeber-

110 1487 189 1516 rimis
214 1487 295 1523 peti,
317 1488 368 1516 sed
389 1487 445 1516 hoc
471 1487 528 1516 sibi
551 1489 626 1516 velle
652 1489 872 1525 quaestionem,
893 1497 925 1518 ut
946 1490 1023 1520 illius
1040 1490 1258 1527 Bibliothecae,
1282 1500 1353 1527 quae
1374 1501 1426 1528 per
1445 1494 1539 1522 omnia
1558 1503 1620 1523 sae=

110 1539 175 1566 cula
198 1538 354 1567 clarissima
373 1538 477 1568 fuisset
499 1548 630 1575 quaeque
653 1550 668 1569 a
689 1541 860 1570 Ptolemaeis
886 1541 990 1570 fuisset
1014 1541 1148 1576 condita,
1171 1541 1292 1570 historia
1316 1542 1560 1572 conscriberetur.

147 1589 218 1617 Non
241 1588 279 1617 ita
302 1595 396 1617 tamen
422 1590 478 1617 hoc
501 1590 593 1626 accipi
616 1591 725 1628 velim,
758 1594 840 1629 quasi
869 1601 993 1623 caeteras
1018 1594 1210 1623 bibliothecas
1232 1594 1351 1623 omnino
1379 1595 1522 1632 negligere
1552 1605 1620 1625 con·

111 1638 273 1668 stituerim:
297 1639 411 1676 saepius
433 1639 507 1668 enim
528 1640 599 1669 mihi
617 1643 741 1679 accidit,
764 1651 796 1673 ut
820 1644 883 1681 ipsa
906 1646 978 1674 ratio
1001 1655 1046 1674 me
1063 1646 1097 1674 ad
1112 1646 1226 1674 illarum
1250 1646 1548 1675 commemorationem
1566 1648 1619 1677 du-

109 1697 199 1720 ceret.
877 1722 880 1723 ⁷

151 1742 383 1778 Disputationem
420 1750 512 1772 autem
549 1753 638 1773 meam
667 1746 705 1774 ita
731 1747 903 1778 distribuere
929 1748 1089 1782 constitui,
1121 1754 1153 1775 ut
1183 1754 1270 1785 caput
1288 1749 1416 1785 primum
1448 1750 1622 1784 complecta-

113 1800 160 1822 tur
190 1792 388 1821 Bibliothecae
419 1792 568 1822 historiam
605 1795 639 1823 ab
664 1796 775 1832 origine
799 1798 864 1826 inde
892 1808 983 1834 usque
1009 1799 1044 1827 ad
1072 1799 1241 1827 Caesarem:
1271 1805 1357 1836 caput
1384 1799 1532 1828 secandam
1561 1807 1625 1837 agat

114 1846 149 1874 de
175 1845 236 1882 ejus
268 1843 335 1873 fatis
360 1853 375 1873 a
403 1844 524 1874 Caesare
551 1854 645 1881 usque
673 1847 708 1876 ad
734 1847 913 1878 Saracenos:
941 1851 1028 1880 tertio
1056 1849 1180 1885 denique
1206 1850 1298 1889 capite
1324 1850 1484 1887 inquiratur
1507 1852 1540 1881 de
1562 1854 1623 1890 ejus

116 1903 243 1927 extremo
269 1895 398 1925 interitu.

1586 1952 1628 1983 Et

151 2029 214 2066 (1)
233 2030 294 2058 Vid.
313 2030 413 2058 Euseb.
433 2030 504 2057 Hist.
522 2030 628 2059 Eccles.
654 2032 689 2060 L.
706 2031 754 2060 v1.
780 2038 806 2059 c.
820 2038 865 2075 ³19.

922 2077 952 2108 A
972 2086 989 2115 3
