<?xml version="1.0" encoding="UTF-8"?>
<!DOCTYPE html PUBLIC "-//W3C//DTD XHTML 1.0 Transitional//EN"
    "http://www.w3.org/TR/xhtml1/DTD/xhtml1-transitional.dtd">
<html xmlns="http://www.w3.org/1999/xhtml" xml:lang="en" lang="en">
 <head>
  <title>
</title>
<meta http-equiv="Content-Type" content="text/html;charset=utf-8" />
  <meta name='ocr-system' content='tesseract 3.04.00' />
  <meta name='ocr-capabilities' content='ocr_page ocr_carea ocr_par ocr_line ocrx_word'/>
</head>
<body>
  <div class='ocr_page' id='page_1' title='image "annalesacademiae22rijk_0045.png"; bbox 0 0 1961 2438; ppageno 0'>
   <div class='ocr_carea' id='block_1_1' title="bbox 728 99 1662 143">
    <p class='ocr_par' dir='ltr' id='par_1_1' title="bbox 728 99 1662 143">
     <span class='ocr_line' id='line_1_1' title="bbox 728 99 1662 143; baseline 0.011 -11"><span class='ocrx_word' id='word_1_1' title='bbox 728 99 1118 136; x_wconf 80' lang='lat' dir='ltr'>ORATIO.</span> <span class='ocrx_word' id='word_1_2' title='bbox 1626 116 1662 143; x_wconf 83' lang='lat'><strong>11</strong></span> 
     </span>
    </p>
   </div>
   <div class='ocr_carea' id='block_1_2' title="bbox 182 187 1658 280">
    <p class='ocr_par' dir='ltr' id='par_1_2' title="bbox 182 187 1658 280">
     <span class='ocr_line' id='line_1_2' title="bbox 184 187 1658 231; baseline 0.005 -12"><span class='ocrx_word' id='word_1_3' title='bbox 184 187 335 225; x_wconf 86' lang='lat' dir='ltr'><strong>suerunt,</strong></span> <span class='ocrx_word' id='word_1_4' title='bbox 360 187 416 230; x_wconf 87' lang='lat' dir='ltr'><strong>qui</strong></span> <span class='ocrx_word' id='word_1_5' title='bbox 448 187 626 231; x_wconf 85' lang='lat' dir='ltr'><strong>Copernico</strong></span> <span class='ocrx_word' id='word_1_6' title='bbox 655 188 905 221; x_wconf 78' lang='lat' dir='ltr'>assentirentur:</span> <span class='ocrx_word' id='word_1_7' title='bbox 928 188 1024 220; x_wconf 80' lang='lat' dir='ltr'><strong>ceteri</strong></span> <span class='ocrx_word' id='word_1_8' title='bbox 1050 197 1163 221; x_wconf 81' lang='lat' dir='ltr'><strong>omnes</strong></span> <span class='ocrx_word' id='word_1_9' title='bbox 1194 188 1233 222; x_wconf 81' lang='lat' dir='ltr'><strong>ad</strong></span> <span class='ocrx_word' id='word_1_10' title='bbox 1262 195 1381 224; x_wconf 83' lang='lat' dir='ltr'><strong>tantam</strong></span> <span class='ocrx_word' id='word_1_11' title='bbox 1413 191 1519 225; x_wconf 77' lang='lat' dir='ltr'><strong>lucem</strong></span> <span class='ocrx_word' id='word_1_12' title='bbox 1544 204 1658 227; x_wconf 80' lang='lat' dir='ltr'><strong>coecu-</strong></span> 
     </span>
     <span class='ocr_line' id='line_1_3' title="bbox 182 243 1322 280; baseline 0.004 -3"><span class='ocrx_word' id='word_1_13' title='bbox 182 246 296 277; x_wconf 77' lang='lat' dir='ltr'><strong>tientes</strong></span> <span class='ocrx_word' id='word_1_14' title='bbox 322 243 528 277; x_wconf 87' lang='lat' dir='ltr'><strong>vehementer</strong></span> <span class='ocrx_word' id='word_1_15' title='bbox 557 244 819 280; x_wconf 86' lang='lat' dir='ltr'><strong>adversabantur.</strong></span> <span class='ocrx_word' id='word_1_16' title='bbox 1318 246 1322 248; x_wconf 68' lang='grc'><strong>’</strong></span> 
     </span>
    </p>
   </div>
   <div class='ocr_carea' id='block_1_3' title="bbox 172 357 1661 869">
    <p class='ocr_par' dir='ltr' id='par_1_3' title="bbox 172 357 1661 869">
     <span class='ocr_line' id='line_1_4' title="bbox 226 357 1659 413; baseline 0.01 -25"><span class='ocrx_word' id='word_1_17' title='bbox 226 357 337 398; x_wconf 83' lang='lat' dir='ltr'><strong>Quid?</strong></span> <span class='ocrx_word' id='word_1_18' title='bbox 360 357 478 390; x_wconf 91' lang='lat' dir='ltr'><strong>horum</strong></span> <span class='ocrx_word' id='word_1_19' title='bbox 502 364 655 402; x_wconf 86' lang='lat' dir='ltr'><strong>tanquam</strong></span> <span class='ocrx_word' id='word_1_20' title='bbox 678 370 795 402; x_wconf 84' lang='lat' dir='ltr'>agmen</span> <span class='ocrx_word' id='word_1_21' title='bbox 821 370 941 404; x_wconf 86' lang='lat' dir='ltr'><strong>paucos</strong></span> <span class='ocrx_word' id='word_1_22' title='bbox 960 370 1033 407; x_wconf 88' lang='lat' dir='ltr'><strong>post</strong></span> <span class='ocrx_word' id='word_1_23' title='bbox 1049 374 1152 397; x_wconf 86' lang='lat' dir='ltr'><strong>annos</strong></span> <span class='ocrx_word' id='word_1_24' title='bbox 1168 364 1261 397; x_wconf 81' lang='lat' dir='ltr'><strong>duxit</strong></span> <span class='ocrx_word' id='word_1_25' title='bbox 1278 366 1336 399; x_wconf 87' lang='lat' dir='ltr'><strong>Vir</strong></span> <span class='ocrx_word' id='word_1_26' title='bbox 1352 377 1510 411; x_wconf 77' lang='lat' dir='ltr'><strong>magnus.</strong></span> <span class='ocrx_word' id='word_1_27' title='bbox 1533 370 1659 413; x_wconf 82' lang='lat' dir='ltr'><strong>magnis</strong></span> 
     </span>
     <span class='ocr_line' id='line_1_5' title="bbox 172 415 1661 464; baseline 0.009 -19"><span class='ocrx_word' id='word_1_28' title='bbox 172 423 321 447; x_wconf 64' lang='lat' dir='ltr'><strong>mierum</strong></span> <span class='ocrx_word' id='word_1_29' title='bbox 342 415 382 447; x_wconf 89' lang='lat' dir='ltr'><strong>de</strong></span> <span class='ocrx_word' id='word_1_30' title='bbox 406 417 614 448; x_wconf 88' lang='lat' dir='ltr'><strong>Astronornia</strong></span> <span class='ocrx_word' id='word_1_31' title='bbox 642 418 764 449; x_wconf 87' lang='lat' dir='ltr'><strong>meritis</strong></span> <span class='ocrx_word' id='word_1_32' title='bbox 790 417 885 451; x_wconf 83' lang='lat' dir='ltr'><strong>laude</strong></span> <span class='ocrx_word' id='word_1_33' title='bbox 913 419 1141 464; x_wconf 83' lang='lat' dir='ltr'><strong>dignissimus,</strong></span> <span class='ocrx_word' id='word_1_34' title='bbox 1167 433 1305 455; x_wconf 66' lang='lat' dir='ltr'><strong>&#39;rrcno</strong></span> <span class='ocrx_word' id='word_1_35' title='bbox 1330 434 1515 459; x_wconf 58' lang='lat' dir='ltr'><strong>ansanus</strong></span> <span class='ocrx_word' id='word_1_36' title='bbox 1541 427 1661 459; x_wconf 86' lang='lat' dir='ltr'><strong>nobilis</strong></span> 
     </span>
     <span class='ocr_line' id='line_1_6' title="bbox 182 472 1660 527; baseline 0.009 -25"><span class='ocrx_word' id='word_1_37' title='bbox 182 473 305 503; x_wconf 81' lang='lat' dir='ltr'><strong>Dauus.</strong></span> <span class='ocrx_word' id='word_1_38' title='bbox 349 472 486 515; x_wconf 81' lang='lat' dir='ltr'><strong>Ingenio</strong></span> <span class='ocrx_word' id='word_1_39' title='bbox 511 474 696 517; x_wconf 83' lang='lat' dir='ltr'><strong>praesertim</strong></span> <span class='ocrx_word' id='word_1_40' title='bbox 728 474 871 508; x_wconf 88' lang='lat' dir='ltr'><strong>valuerat</strong></span> <span class='ocrx_word' id='word_1_41' title='bbox 899 479 1124 521; x_wconf 86' lang='lat' dir='ltr'><strong>Copernicus‚</strong></span> <span class='ocrx_word' id='word_1_42' title='bbox 1155 481 1232 511; x_wconf 84' lang='lat' dir='ltr'><strong>anni</strong></span> <span class='ocrx_word' id='word_1_43' title='bbox 1263 481 1500 514; x_wconf 80' lang='lat' dir='ltr'><strong>vicissitudines</strong></span> <span class='ocrx_word' id='word_1_44' title='bbox 1528 494 1568 514; x_wconf 82' lang='lat' dir='ltr'><strong>ex</strong></span> <span class='ocrx_word' id='word_1_45' title='bbox 1600 483 1660 527; x_wconf 87' lang='lat' dir='ltr'><strong>hy·</strong></span> 
     </span>
     <span class='ocr_line' id='line_1_7' title="bbox 184 529 1660 578; baseline 0.008 -18"><span class='ocrx_word' id='word_1_46' title='bbox 184 529 310 573; x_wconf 88' lang='lat' dir='ltr'><strong>pothesi</strong></span> <span class='ocrx_word' id='word_1_47' title='bbox 338 539 396 560; x_wconf 88' lang='lat' dir='ltr'><strong>sua</strong></span> <span class='ocrx_word' id='word_1_48' title='bbox 424 530 636 574; x_wconf 82' lang='lat' dir='ltr'><strong>explicando,</strong></span> <span class='ocrx_word' id='word_1_49' title='bbox 661 538 730 563; x_wconf 87' lang='lat' dir='ltr'><strong>tum</strong></span> <span class='ocrx_word' id='word_1_50' title='bbox 761 539 810 573; x_wconf 88' lang='lat' dir='ltr'><strong>et,</strong></span> <span class='ocrx_word' id='word_1_51' title='bbox 841 546 908 578; x_wconf 95' lang='lat' dir='ltr'><strong>quo</strong></span> <span class='ocrx_word' id='word_1_52' title='bbox 946 547 1017 568; x_wconf 88' lang='lat' dir='ltr'><strong>eam</strong></span> <span class='ocrx_word' id='word_1_53' title='bbox 1050 536 1279 578; x_wconf 86' lang='lat' dir='ltr'><strong>confirmaret,</strong></span> <span class='ocrx_word' id='word_1_54' title='bbox 1311 537 1494 571; x_wconf 82' lang='lat' dir='ltr'><strong>distantiam</strong></span> <span class='ocrx_word' id='word_1_55' title='bbox 1521 539 1660 572; x_wconf 84' lang='lat' dir='ltr'><strong>fixarum</strong></span> 
     </span>
     <span class='ocr_line' id='line_1_8' title="bbox 181 587 1658 641; baseline 0.007 -23"><span class='ocrx_word' id='word_1_56' title='bbox 181 593 301 618; x_wconf 86' lang='lat' dir='ltr'><strong>tantam</strong></span> <span class='ocrx_word' id='word_1_57' title='bbox 323 587 502 619; x_wconf 82' lang='lat' dir='ltr'><strong>incredibili</strong></span> <span class='ocrx_word' id='word_1_58' title='bbox 524 588 655 620; x_wconf 84' lang='lat' dir='ltr'><strong>audacia</strong></span> <span class='ocrx_word' id='word_1_59' title='bbox 677 591 865 632; x_wconf 81' lang='lat' dir='ltr'><strong>statuendo,</strong></span> <span class='ocrx_word' id='word_1_60' title='bbox 888 600 1042 636; x_wconf 83' lang='lat' dir='ltr'><strong>quantam</strong></span> <span class='ocrx_word' id='word_1_61' title='bbox 1067 601 1141 626; x_wconf 83' lang='lat' dir='ltr'><strong>ante</strong></span> <span class='ocrx_word' id='word_1_62' title='bbox 1166 606 1241 627; x_wconf 89' lang='lat' dir='ltr'><strong>eum</strong></span> <span class='ocrx_word' id='word_1_63' title='bbox 1271 606 1379 630; x_wconf 81' lang='lat' dir='ltr'><strong>nemo,</strong></span> <span class='ocrx_word' id='word_1_64' title='bbox 1427 596 1658 641; x_wconf 83' lang='lat' dir='ltr'><strong>Philosophum</strong></span> 
     </span>
     <span class='ocr_line' id='line_1_9' title="bbox 180 643 1658 697; baseline 0.009 -24"><span class='ocrx_word' id='word_1_65' title='bbox 180 643 215 674; x_wconf 89' lang='lat' dir='ltr'><strong>in</strong></span> <span class='ocrx_word' id='word_1_66' title='bbox 242 643 294 674; x_wconf 81' lang='lat' dir='ltr'><strong>his</strong></span> <span class='ocrx_word' id='word_1_67' title='bbox 315 651 431 686; x_wconf 84' lang='lat' dir='ltr'><strong>egerat.</strong></span> <span class='ocrx_word' id='word_1_68' title='bbox 486 645 547 677; x_wconf 88' lang='lat' dir='ltr'><strong>Sed</strong></span> <span class='ocrx_word' id='word_1_69' title='bbox 574 646 703 688; x_wconf 87' lang='lat' dir='ltr'><strong>Tycho‚</strong></span> <span class='ocrx_word' id='word_1_70' title='bbox 736 659 802 680; x_wconf 89' lang='lat' dir='ltr'><strong>una</strong></span> <span class='ocrx_word' id='word_1_71' title='bbox 830 651 997 682; x_wconf 84' lang='lat' dir='ltr'><strong>severitate</strong></span> <span class='ocrx_word' id='word_1_72' title='bbox 1026 651 1250 684; x_wconf 85' lang='lat' dir='ltr'><strong>Astronomica</strong></span> <span class='ocrx_word' id='word_1_73' title='bbox 1279 663 1347 684; x_wconf 87' lang='lat' dir='ltr'><strong>rem</strong></span> <span class='ocrx_word' id='word_1_74' title='bbox 1374 654 1577 697; x_wconf 85' lang='lat' dir='ltr'><strong>expendens,</strong></span> <span class='ocrx_word' id='word_1_75' title='bbox 1608 666 1658 688; x_wconf 80' lang='lat' dir='ltr'><strong>ao·</strong></span> 
     </span>
     <span class='ocr_line' id='line_1_10' title="bbox 180 701 1657 757; baseline 0.009 -26"><span class='ocrx_word' id='word_1_76' title='bbox 180 701 372 732; x_wconf 81' lang='lat' dir='ltr'><strong>curatiorem</strong></span> <span class='ocrx_word' id='word_1_77' title='bbox 394 701 587 734; x_wconf 82' lang='lat' dir='ltr'><strong>observandi</strong></span> <span class='ocrx_word' id='word_1_78' title='bbox 604 703 823 746; x_wconf 78' lang='lat' dir='ltr'><strong>diligentiam,</strong></span> <span class='ocrx_word' id='word_1_79' title='bbox 844 718 904 739; x_wconf 88' lang='lat' dir='ltr'><strong>nec</strong></span> <span class='ocrx_word' id='word_1_80' title='bbox 920 708 1100 747; x_wconf 87' lang='lat' dir='ltr'><strong>immerito,</strong></span> <span class='ocrx_word' id='word_1_81' title='bbox 1119 709 1311 753; x_wconf 75' lang='lat' dir='ltr'><strong>requirebat.</strong></span> <span class='ocrx_word' id='word_1_82' title='bbox 1355 713 1445 743; x_wconf 77' lang='lat' dir='ltr'><strong>Hanc</strong></span> <span class='ocrx_word' id='word_1_83' title='bbox 1460 713 1591 755; x_wconf 86' lang='lat' dir='ltr'><strong>quidem</strong></span> <span class='ocrx_word' id='word_1_84' title='bbox 1608 715 1657 757; x_wconf 83' lang='lat' dir='ltr'><strong>ip-</strong></span> 
     </span>
     <span class='ocr_line' id='line_1_11' title="bbox 177 757 1650 814; baseline 0.01 -27"><span class='ocrx_word' id='word_1_85' title='bbox 177 766 229 796; x_wconf 82' lang='lat' dir='ltr'><strong>se,</strong></span> <span class='ocrx_word' id='word_1_86' title='bbox 247 763 279 789; x_wconf 88' lang='lat' dir='ltr'><strong>et</strong></span> <span class='ocrx_word' id='word_1_87' title='bbox 291 757 444 790; x_wconf 84' lang='lat' dir='ltr'><strong>methodo</strong></span> <span class='ocrx_word' id='word_1_88' title='bbox 460 759 846 801; x_wconf 84' lang='lat' dir='ltr'><strong>melioriinvenienda,et</strong></span> <span class='ocrx_word' id='word_1_89' title='bbox 866 765 1080 797; x_wconf 87' lang='lat' dir='ltr'><strong>instrumenta</strong></span> <span class='ocrx_word' id='word_1_90' title='bbox 1101 765 1197 808; x_wconf 84' lang='lat' dir='ltr'><strong>longe</strong></span> <span class='ocrx_word' id='word_1_91' title='bbox 1216 766 1403 809; x_wconf 83' lang='lat' dir='ltr'><strong>perfectiora</strong></span> <span class='ocrx_word' id='word_1_92' title='bbox 1419 770 1650 814; x_wconf 82' lang='lat' dir='ltr'><strong>excogitando,</strong></span> 
     </span>
     <span class='ocr_line' id='line_1_12' title="bbox 177 812 1493 869; baseline 0.01 -25"><span class='ocrx_word' id='word_1_93' title='bbox 177 812 319 845; x_wconf 87' lang='lat' dir='ltr'><strong>multum</strong></span> <span class='ocrx_word' id='word_1_94' title='bbox 347 825 461 851; x_wconf 56' lang='lat' dir='ltr'><strong>revera</strong></span> <span class='ocrx_word' id='word_1_95' title='bbox 478 817 653 859; x_wconf 85' lang='lat' dir='ltr'><strong>promovit.</strong></span> <span class='ocrx_word' id='word_1_96' title='bbox 702 817 765 850; x_wconf 91' lang='lat' dir='ltr'><strong>Sed</strong></span> <span class='ocrx_word' id='word_1_97' title='bbox 788 831 864 852; x_wconf 89' lang='lat' dir='ltr'><strong>cum</strong></span> <span class='ocrx_word' id='word_1_98' title='bbox 888 822 1075 866; x_wconf 86' lang='lat' dir='ltr'><strong>Copernico</strong></span> <span class='ocrx_word' id='word_1_99' title='bbox 1095 820 1196 854; x_wconf 88' lang='lat' dir='ltr'><strong>facere</strong></span> <span class='ocrx_word' id='word_1_100' title='bbox 1223 824 1357 857; x_wconf 88' lang='lat' dir='ltr'><strong>minime</strong></span> <span class='ocrx_word' id='word_1_101' title='bbox 1375 827 1493 869; x_wconf 84' lang='lat' dir='ltr'><strong>potuit.</strong></span> 
     </span>
    </p>
   </div>
   <div class='ocr_carea' id='block_1_4' title="bbox 175 928 1658 1431">
    <p class='ocr_par' dir='ltr' id='par_1_4' title="bbox 175 928 1658 1431">
     <span class='ocr_line' id='line_1_13' title="bbox 220 928 1657 978; baseline 0.01 -18"><span class='ocrx_word' id='word_1_102' title='bbox 220 928 373 960; x_wconf 87' lang='lat' dir='ltr'><strong>Attamen</strong></span> <span class='ocrx_word' id='word_1_103' title='bbox 399 940 469 960; x_wconf 91' lang='lat' dir='ltr'><strong>eam</strong></span> <span class='ocrx_word' id='word_1_104' title='bbox 495 929 711 973; x_wconf 85' lang='lat' dir='ltr'><strong>hypotheseos</strong></span> <span class='ocrx_word' id='word_1_105' title='bbox 737 943 840 965; x_wconf 86' lang='lat' dir='ltr'><strong>novae</strong></span> <span class='ocrx_word' id='word_1_106' title='bbox 864 941 1011 977; x_wconf 89' lang='lat' dir='ltr'><strong>partem,</strong></span> <span class='ocrx_word' id='word_1_107' title='bbox 1035 946 1100 978; x_wconf 89' lang='lat' dir='ltr'><strong>qua</strong></span> <span class='ocrx_word' id='word_1_108' title='bbox 1127 937 1210 968; x_wconf 87' lang='lat' dir='ltr'><strong>circa</strong></span> <span class='ocrx_word' id='word_1_109' title='bbox 1235 938 1341 970; x_wconf 86' lang='lat' dir='ltr'><strong>Solem</strong></span> <span class='ocrx_word' id='word_1_110' title='bbox 1374 939 1522 973; x_wconf 87' lang='lat' dir='ltr'><strong>Planetae</strong></span> <span class='ocrx_word' id='word_1_111' title='bbox 1547 940 1657 974; x_wconf 81' lang='lat' dir='ltr'><strong>ferun·</strong></span> 
     </span>
     <span class='ocr_line' id='line_1_14' title="bbox 180 986 1658 1042; baseline 0.013 -30"><span class='ocrx_word' id='word_1_112' title='bbox 180 989 252 1021; x_wconf 86' lang='lat' dir='ltr'><strong>tur,</strong></span> <span class='ocrx_word' id='word_1_113' title='bbox 277 994 406 1025; x_wconf 88' lang='lat' dir='ltr'><strong>quaque</strong></span> <span class='ocrx_word' id='word_1_114' title='bbox 433 986 527 1016; x_wconf 90' lang='lat' dir='ltr'><strong>unice</strong></span> <span class='ocrx_word' id='word_1_115' title='bbox 552 988 634 1018; x_wconf 87' lang='lat' dir='ltr'><strong>ratio</strong></span> <span class='ocrx_word' id='word_1_116' title='bbox 660 988 751 1019; x_wconf 89' lang='lat' dir='ltr'><strong>reddi</strong></span> <span class='ocrx_word' id='word_1_117' title='bbox 772 995 897 1032; x_wconf 85' lang='lat' dir='ltr'><strong>potest,</strong></span> <span class='ocrx_word' id='word_1_118' title='bbox 921 1002 978 1022; x_wconf 89' lang='lat' dir='ltr'><strong>cur</strong></span> <span class='ocrx_word' id='word_1_119' title='bbox 1006 992 1208 1025; x_wconf 86' lang='lat' dir='ltr'><strong>retardentur</strong></span> <span class='ocrx_word' id='word_1_120' title='bbox 1243 1005 1336 1038; x_wconf 88' lang='lat' dir='ltr'><strong>saepe</strong></span> <span class='ocrx_word' id='word_1_121' title='bbox 1367 1008 1483 1037; x_wconf 90' lang='lat' dir='ltr'><strong>cursu,</strong></span> <span class='ocrx_word' id='word_1_122' title='bbox 1511 997 1658 1042; x_wconf 84' lang='lat' dir='ltr'><strong>aliquan·</strong></span> 
     </span>
     <span class='ocr_line' id='line_1_15' title="bbox 178 1037 1656 1098; baseline 0.014 -30"><span class='ocrx_word' id='word_1_123' title='bbox 178 1037 222 1070; x_wconf 90' lang='lat' dir='ltr'><strong>do</strong></span> <span class='ocrx_word' id='word_1_124' title='bbox 249 1039 345 1070; x_wconf 83' lang='lat' dir='ltr'><strong>etiam</strong></span> <span class='ocrx_word' id='word_1_125' title='bbox 370 1040 537 1081; x_wconf 88' lang='lat' dir='ltr'><strong>insistant,</strong></span> <span class='ocrx_word' id='word_1_126' title='bbox 571 1042 654 1074; x_wconf 86' lang='lat' dir='ltr'><strong>hanc</strong></span> <span class='ocrx_word' id='word_1_127' title='bbox 681 1045 780 1087; x_wconf 83' lang='lat' dir='ltr'><strong>igitur</strong></span> <span class='ocrx_word' id='word_1_128' title='bbox 806 1053 948 1089; x_wconf 90' lang='lat' dir='ltr'><strong>partem,</strong></span> <span class='ocrx_word' id='word_1_129' title='bbox 977 1048 1035 1080; x_wconf 91' lang='lat' dir='ltr'><strong>ubi</strong></span> <span class='ocrx_word' id='word_1_130' title='bbox 1065 1051 1141 1081; x_wconf 91' lang='lat' dir='ltr'><strong>satis</strong></span> <span class='ocrx_word' id='word_1_131' title='bbox 1167 1051 1418 1085; x_wconf 82' lang='lat' dir='ltr'><strong>demonstratam</strong></span> <span class='ocrx_word' id='word_1_132' title='bbox 1448 1054 1576 1088; x_wconf 86' lang='lat' dir='ltr'><strong>videbat</strong></span> <span class='ocrx_word' id='word_1_133' title='bbox 1599 1058 1656 1098; x_wconf 81' lang='lat' dir='ltr'><strong>Ty-</strong></span> 
     </span>
     <span class='ocr_line' id='line_1_16' title="bbox 175 1095 1656 1148; baseline 0.012 -23"><span class='ocrx_word' id='word_1_134' title='bbox 175 1095 262 1134; x_wconf 82' lang='lat' dir='ltr'><strong>cho,</strong></span> <span class='ocrx_word' id='word_1_135' title='bbox 288 1097 355 1139; x_wconf 87' lang='lat' dir='ltr'><strong>jam</strong></span> <span class='ocrx_word' id='word_1_136' title='bbox 380 1097 511 1140; x_wconf 83' lang='lat' dir='ltr'><strong>rejicere</strong></span> <span class='ocrx_word' id='word_1_137' title='bbox 532 1101 700 1142; x_wconf 81' lang='lat' dir='ltr'><strong>nequivit;</strong></span> <span class='ocrx_word' id='word_1_138' title='bbox 730 1108 833 1134; x_wconf 87' lang='lat' dir='ltr'><strong>cetera</strong></span> <span class='ocrx_word' id='word_1_139' title='bbox 860 1115 939 1136; x_wconf 86' lang='lat' dir='ltr'><strong>vero</strong></span> <span class='ocrx_word' id='word_1_140' title='bbox 972 1105 1195 1148; x_wconf 85' lang='lat' dir='ltr'><strong>phaenomena</strong></span> <span class='ocrx_word' id='word_1_141' title='bbox 1225 1119 1301 1141; x_wconf 89' lang='lat' dir='ltr'><strong>cum</strong></span> <span class='ocrx_word' id='word_1_142' title='bbox 1336 1121 1406 1142; x_wconf 85' lang='lat' dir='ltr'><strong>non</strong></span> <span class='ocrx_word' id='word_1_143' title='bbox 1438 1113 1548 1144; x_wconf 77' lang='lat' dir='ltr'><strong>minus</strong></span> <span class='ocrx_word' id='word_1_144' title='bbox 1572 1118 1656 1144; x_wconf 88' lang='lat' dir='ltr'><strong>recte</strong></span> 
     </span>
     <span class='ocr_line' id='line_1_17' title="bbox 178 1152 1656 1209; baseline 0.012 -26"><span class='ocrx_word' id='word_1_145' title='bbox 178 1152 338 1196; x_wconf 86' lang='lat' dir='ltr'><strong>explicare</strong></span> <span class='ocrx_word' id='word_1_146' title='bbox 376 1154 440 1186; x_wconf 81' lang='lat' dir='ltr'><strong>sibi</strong></span> <span class='ocrx_word' id='word_1_147' title='bbox 474 1155 660 1198; x_wconf 82' lang='lat' dir='ltr'><strong>videretur,</strong></span> <span class='ocrx_word' id='word_1_148' title='bbox 696 1160 723 1190; x_wconf 91' lang='lat' dir='ltr'><strong>si</strong></span> <span class='ocrx_word' id='word_1_149' title='bbox 753 1159 802 1191; x_wconf 93' lang='lat' dir='ltr'><strong>sol</strong></span> <span class='ocrx_word' id='word_1_150' title='bbox 833 1171 851 1192; x_wconf 88' lang='lat' dir='ltr'><strong>a</strong></span> <span class='ocrx_word' id='word_1_151' title='bbox 878 1161 1012 1206; x_wconf 88' lang='lat' dir='ltr'><strong>reliquis</strong></span> <span class='ocrx_word' id='word_1_152' title='bbox 1047 1164 1173 1197; x_wconf 83' lang='lat' dir='ltr'><strong>cinctus</strong></span> <span class='ocrx_word' id='word_1_153' title='bbox 1204 1166 1340 1209; x_wconf 87' lang='lat' dir='ltr'><strong>planetis</strong></span> <span class='ocrx_word' id='word_1_154' title='bbox 1369 1169 1491 1200; x_wconf 87' lang='lat' dir='ltr'><strong>circum</strong></span> <span class='ocrx_word' id='word_1_155' title='bbox 1526 1170 1656 1200; x_wconf 79' lang='lat' dir='ltr'><strong>Terram</strong></span> 
     </span>
     <span class='ocr_line' id='line_1_18' title="bbox 178 1213 1652 1269; baseline 0.013 -29"><span class='ocrx_word' id='word_1_156' title='bbox 178 1217 345 1252; x_wconf 80' lang='lat' dir='ltr'><strong>ageretur,</strong></span> <span class='ocrx_word' id='word_1_157' title='bbox 376 1223 475 1253; x_wconf 90' lang='lat' dir='ltr'><strong>quam</strong></span> <span class='ocrx_word' id='word_1_158' title='bbox 500 1213 528 1244; x_wconf 84' lang='lat' dir='ltr'><strong>si</strong></span> <span class='ocrx_word' id='word_1_159' title='bbox 558 1213 626 1257; x_wconf 89' lang='lat' dir='ltr'><strong>ipsa</strong></span> <span class='ocrx_word' id='word_1_160' title='bbox 657 1215 751 1247; x_wconf 89' lang='lat' dir='ltr'><strong>tellus</strong></span> <span class='ocrx_word' id='word_1_161' title='bbox 777 1228 851 1249; x_wconf 88' lang='lat' dir='ltr'><strong>eum</strong></span> <span class='ocrx_word' id='word_1_162' title='bbox 881 1219 1083 1261; x_wconf 82' lang='lat' dir='ltr'><strong>circumiret3</strong></span> <span class='ocrx_word' id='word_1_163' title='bbox 1115 1229 1254 1254; x_wconf 79' lang='lat' dir='ltr'><strong>veterem</strong></span> <span class='ocrx_word' id='word_1_164' title='bbox 1281 1225 1374 1256; x_wconf 88' lang='lat' dir='ltr'><strong>istam</strong></span> <span class='ocrx_word' id='word_1_165' title='bbox 1401 1231 1533 1257; x_wconf 81' lang='lat' dir='ltr'><strong>eatenus</strong></span> <span class='ocrx_word' id='word_1_166' title='bbox 1560 1236 1652 1269; x_wconf 82' lang='lat' dir='ltr'><strong>prae·</strong></span> 
     </span>
     <span class='ocr_line' id='line_1_19' title="bbox 179 1265 1652 1326; baseline 0.014 -31"><span class='ocrx_word' id='word_1_167' title='bbox 179 1265 254 1296; x_wconf 82' lang='lat' dir='ltr'><strong>tulit</strong></span> <span class='ocrx_word' id='word_1_168' title='bbox 278 1267 490 1308; x_wconf 89' lang='lat' dir='ltr'><strong>opinionem,</strong></span> <span class='ocrx_word' id='word_1_169' title='bbox 521 1276 558 1300; x_wconf 90' lang='lat' dir='ltr'><strong>ut</strong></span> <span class='ocrx_word' id='word_1_170' title='bbox 584 1272 716 1302; x_wconf 80' lang='lat' dir='ltr'><strong>mixtam</strong></span> <span class='ocrx_word' id='word_1_171' title='bbox 749 1273 825 1305; x_wconf 91' lang='lat' dir='ltr'><strong>inde</strong></span> <span class='ocrx_word' id='word_1_172' title='bbox 848 1286 938 1306; x_wconf 83' lang='lat' dir='ltr'><strong>suam</strong></span> <span class='ocrx_word' id='word_1_173' title='bbox 965 1286 1173 1321; x_wconf 83' lang='lat' dir='ltr'><strong>componeret</strong></span> <span class='ocrx_word' id='word_1_174' title='bbox 1193 1279 1405 1324; x_wconf 82' lang='lat' dir='ltr'><strong>hypothesin,</strong></span> <span class='ocrx_word' id='word_1_175' title='bbox 1433 1294 1516 1326; x_wconf 88' lang='lat' dir='ltr'><strong>quae</strong></span> <span class='ocrx_word' id='word_1_176' title='bbox 1542 1284 1652 1316; x_wconf 83' lang='lat' dir='ltr'><strong>multis</strong></span> 
     </span>
     <span class='ocr_line' id='line_1_20' title="bbox 176 1321 1652 1384; baseline 0.015 -33"><span class='ocrx_word' id='word_1_177' title='bbox 176 1327 256 1354; x_wconf 82' lang='lat' dir='ltr'><strong>tunc</strong></span> <span class='ocrx_word' id='word_1_178' title='bbox 279 1321 417 1365; x_wconf 88' lang='lat' dir='ltr'><strong>placuit,</strong></span> <span class='ocrx_word' id='word_1_179' title='bbox 449 1336 516 1356; x_wconf 89' lang='lat' dir='ltr'><strong>non</strong></span> <span class='ocrx_word' id='word_1_180' title='bbox 543 1326 798 1370; x_wconf 79' lang='lat' dir='ltr'><strong>intelligentibus</strong></span> <span class='ocrx_word' id='word_1_181' title='bbox 833 1331 1003 1375; x_wconf 82' lang='lat' dir='ltr'><strong>profecto,</strong></span> <span class='ocrx_word' id='word_1_182' title='bbox 1033 1335 1171 1366; x_wconf 91' lang='lat' dir='ltr'><strong>similem</strong></span> <span class='ocrx_word' id='word_1_183' title='bbox 1209 1338 1382 1369; x_wconf 82' lang='lat' dir='ltr'><strong>mixturam</strong></span> <span class='ocrx_word' id='word_1_184' title='bbox 1420 1350 1521 1382; x_wconf 79' lang='lat' dir='ltr'><strong>aeque</strong></span> <span class='ocrx_word' id='word_1_185' title='bbox 1558 1351 1652 1384; x_wconf 78' lang='lat' dir='ltr'><strong>posse</strong></span> 
     </span>
     <span class='ocr_line' id='line_1_21' title="bbox 175 1379 1563 1431; baseline 0.013 -19"><span class='ocrx_word' id='word_1_186' title='bbox 175 1379 412 1412; x_wconf 79' lang='lat' dir='ltr'><strong>accommodari</strong></span> <span class='ocrx_word' id='word_1_187' title='bbox 445 1382 581 1426; x_wconf 84' lang='lat' dir='ltr'><strong>singulis</strong></span> <span class='ocrx_word' id='word_1_188' title='bbox 604 1384 737 1428; x_wconf 89' lang='lat' dir='ltr'><strong>reliquis</strong></span> <span class='ocrx_word' id='word_1_189' title='bbox 763 1387 920 1430; x_wconf 88' lang='lat' dir='ltr'><strong>planetis,</strong></span> <span class='ocrx_word' id='word_1_190' title='bbox 944 1391 1125 1424; x_wconf 87' lang='lat' dir='ltr'><strong>dummodo</strong></span> <span class='ocrx_word' id='word_1_191' title='bbox 1144 1396 1246 1426; x_wconf 85' lang='lat' dir='ltr'><strong>centri</strong></span> <span class='ocrx_word' id='word_1_192' title='bbox 1272 1394 1345 1427; x_wconf 88' lang='lat' dir='ltr'><strong>loco</strong></span> <span class='ocrx_word' id='word_1_193' title='bbox 1373 1395 1563 1431; x_wconf 85' lang='lat' dir='ltr'><strong>habeantur.</strong></span> 
     </span>
    </p>
   </div>
   <div class='ocr_carea' id='block_1_5' title="bbox 169 1495 1653 2177">
    <p class='ocr_par' dir='ltr' id='par_1_5' title="bbox 169 1495 1653 1893">
     <span class='ocr_line' id='line_1_22' title="bbox 217 1495 1649 1553; baseline 0.014 -26"><span class='ocrx_word' id='word_1_194' title='bbox 217 1495 373 1527; x_wconf 88' lang='lat' dir='ltr'><strong>Nocuisse</strong></span> <span class='ocrx_word' id='word_1_195' title='bbox 397 1495 528 1539; x_wconf 89' lang='lat' dir='ltr'><strong>quidem</strong></span> <span class='ocrx_word' id='word_1_196' title='bbox 553 1498 598 1529; x_wconf 87' lang='lat' dir='ltr'><strong>ita</strong></span> <span class='ocrx_word' id='word_1_197' title='bbox 627 1500 870 1543; x_wconf 88' lang='lat' dir='ltr'><strong>quodammodo</strong></span> <span class='ocrx_word' id='word_1_198' title='bbox 905 1505 1007 1538; x_wconf 85' lang='lat' dir='ltr'><strong>videri</strong></span> <span class='ocrx_word' id='word_1_199' title='bbox 1039 1514 1143 1551; x_wconf 88' lang='lat' dir='ltr'><strong>potest</strong></span> <span class='ocrx_word' id='word_1_200' title='bbox 1172 1509 1294 1553; x_wconf 79' lang='lat' dir='ltr'><strong>Tycho,</strong></span> <span class='ocrx_word' id='word_1_201' title='bbox 1349 1510 1437 1539; x_wconf 73' lang='lat' dir='ltr'><strong>Idem</strong></span> <span class='ocrx_word' id='word_1_202' title='bbox 1467 1519 1544 1541; x_wconf 78' lang='lat' dir='ltr'><strong>vero</strong></span> <span class='ocrx_word' id='word_1_203' title='bbox 1579 1517 1649 1545; x_wconf 75' lang='lat' dir='ltr'><strong>tum</strong></span> 
     </span>
     <span class='ocr_line' id='line_1_23' title="bbox 174 1549 1652 1612; baseline 0.014 -31"><span class='ocrx_word' id='word_1_204' title='bbox 174 1549 359 1593; x_wconf 80' lang='lat' dir='ltr'><strong>insignibus</strong></span> <span class='ocrx_word' id='word_1_205' title='bbox 383 1555 450 1585; x_wconf 91' lang='lat' dir='ltr'><strong>suis</strong></span> <span class='ocrx_word' id='word_1_206' title='bbox 480 1554 521 1586; x_wconf 91' lang='lat' dir='ltr'><strong>de</strong></span> <span class='ocrx_word' id='word_1_207' title='bbox 541 1556 748 1590; x_wconf 81' lang='lat' dir='ltr'><strong>Astronomia</strong></span> <span class='ocrx_word' id='word_1_208' title='bbox 769 1567 800 1591; x_wconf 88' lang='lat' dir='ltr'><strong>et</strong></span> <span class='ocrx_word' id='word_1_209' title='bbox 828 1561 999 1594; x_wconf 79' lang='lat' dir='ltr'><strong>theoretica</strong></span> <span class='ocrx_word' id='word_1_210' title='bbox 1022 1571 1054 1596; x_wconf 85' lang='lat' dir='ltr'><strong>et</strong></span> <span class='ocrx_word' id='word_1_211' title='bbox 1084 1568 1220 1608; x_wconf 83' lang='lat' dir='ltr'><strong>practica</strong></span> <span class='ocrx_word' id='word_1_212' title='bbox 1250 1566 1389 1604; x_wconf 77' lang='lat' dir='ltr'><strong>meritis,</strong></span> <span class='ocrx_word' id='word_1_213' title='bbox 1413 1572 1482 1597; x_wconf 89' lang='lat' dir='ltr'><strong>tum</strong></span> <span class='ocrx_word' id='word_1_214' title='bbox 1500 1578 1538 1599; x_wconf 91' lang='lat' dir='ltr'><strong>eo</strong></span> <span class='ocrx_word' id='word_1_215' title='bbox 1555 1580 1652 1612; x_wconf 84' lang='lat' dir='ltr'><strong>quam</strong></span> 
     </span>
     <span class='ocr_line' id='line_1_24' title="bbox 174 1607 1653 1660; baseline 0.016 -26"><span class='ocrx_word' id='word_1_216' title='bbox 174 1607 314 1637; x_wconf 81' lang='lat' dir='ltr'><strong>maxime</strong></span> <span class='ocrx_word' id='word_1_217' title='bbox 350 1607 489 1649; x_wconf 88' lang='lat' dir='ltr'><strong>profuit,</strong></span> <span class='ocrx_word' id='word_1_218' title='bbox 522 1613 611 1651; x_wconf 90' lang='lat' dir='ltr'><strong>quod</strong></span> <span class='ocrx_word' id='word_1_219' title='bbox 642 1617 794 1655; x_wconf 84' lang='lat' dir='ltr'><strong>tanquam</strong></span> <span class='ocrx_word' id='word_1_220' title='bbox 825 1625 844 1645; x_wconf 90' lang='lat' dir='ltr'><strong>e</strong></span> <span class='ocrx_word' id='word_1_221' title='bbox 872 1618 979 1647; x_wconf 81' lang='lat' dir='ltr'><strong>schola</strong></span> <span class='ocrx_word' id='word_1_222' title='bbox 1014 1622 1104 1660; x_wconf 88' lang='lat' dir='ltr'><strong>ejus,</strong></span> <span class='ocrx_word' id='word_1_223' title='bbox 1145 1622 1206 1652; x_wconf 86' lang='lat' dir='ltr'><strong>sub</strong></span> <span class='ocrx_word' id='word_1_224' title='bbox 1241 1624 1371 1654; x_wconf 86' lang='lat' dir='ltr'><strong>initium</strong></span> <span class='ocrx_word' id='word_1_225' title='bbox 1404 1624 1503 1655; x_wconf 84' lang='lat' dir='ltr'><strong>seculi</strong></span> <span class='ocrx_word' id='word_1_226' title='bbox 1537 1625 1653 1658; x_wconf 83' lang='lat' dir='ltr'><strong>decimi</strong></span> 
     </span>
     <span class='ocr_line' id='line_1_25' title="bbox 171 1663 1650 1725; baseline 0.014 -31"><span class='ocrx_word' id='word_1_227' title='bbox 171 1663 301 1706; x_wconf 77' lang='lat' dir='ltr'><strong>septimi</strong></span> <span class='ocrx_word' id='word_1_228' title='bbox 327 1663 468 1706; x_wconf 88' lang='lat' dir='ltr'><strong>prodiret</strong></span> <span class='ocrx_word' id='word_1_229' title='bbox 499 1677 684 1700; x_wconf 71' lang='lat' dir='ltr'><strong>JOANNES</strong></span> <span class='ocrx_word' id='word_1_230' title='bbox 714 1681 935 1705; x_wconf 73' lang='lat' dir='ltr'><strong>KEPLERUS</strong></span> <span class='ocrx_word' id='word_1_231' title='bbox 961 1677 1092 1708; x_wconf 87' lang='lat' dir='ltr'><strong>natione</strong></span> <span class='ocrx_word' id='word_1_232' title='bbox 1111 1680 1309 1718; x_wconf 82' lang='lat' dir='ltr'><strong>Germanus,</strong></span> <span class='ocrx_word' id='word_1_233' title='bbox 1338 1682 1391 1712; x_wconf 87' lang='lat' dir='ltr'><strong>Vir</strong></span> <span class='ocrx_word' id='word_1_234' title='bbox 1407 1682 1497 1712; x_wconf 87' lang='lat' dir='ltr'><strong>omni</strong></span> <span class='ocrx_word' id='word_1_235' title='bbox 1520 1693 1650 1725; x_wconf 85' lang='lat' dir='ltr'><strong>praeco-</strong></span> 
     </span>
     <span class='ocr_line' id='line_1_26' title="bbox 173 1719 1650 1781; baseline 0.012 -29"><span class='ocrx_word' id='word_1_236' title='bbox 173 1719 231 1752; x_wconf 85' lang='lat' dir='ltr'><strong>nio</strong></span> <span class='ocrx_word' id='word_1_237' title='bbox 257 1720 368 1763; x_wconf 78' lang='lat' dir='ltr'><strong>major.</strong></span> <span class='ocrx_word' id='word_1_238' title='bbox 417 1723 475 1753; x_wconf 89' lang='lat' dir='ltr'><strong>Hic</strong></span> <span class='ocrx_word' id='word_1_239' title='bbox 501 1726 590 1755; x_wconf 87' lang='lat' dir='ltr'><strong>enim</strong></span> <span class='ocrx_word' id='word_1_240' title='bbox 615 1726 778 1768; x_wconf 88' lang='lat' dir='ltr'><strong>Tychonis</strong></span> <span class='ocrx_word' id='word_1_241' title='bbox 808 1729 998 1762; x_wconf 83' lang='lat' dir='ltr'><strong>methodum</strong></span> <span class='ocrx_word' id='word_1_242' title='bbox 1025 1739 1057 1763; x_wconf 86' lang='lat' dir='ltr'><strong>et</strong></span> <span class='ocrx_word' id='word_1_243' title='bbox 1085 1744 1249 1777; x_wconf 84' lang='lat' dir='ltr'><strong>praecepta</strong></span> <span class='ocrx_word' id='word_1_244' title='bbox 1273 1746 1418 1775; x_wconf 88' lang='lat' dir='ltr'><strong>secutus,</strong></span> <span class='ocrx_word' id='word_1_245' title='bbox 1450 1739 1517 1769; x_wconf 83' lang='lat' dir='ltr'><strong>suis</strong></span> <span class='ocrx_word' id='word_1_246' title='bbox 1551 1741 1650 1781; x_wconf 73' lang='lat' dir='ltr'><strong>ipsius</strong></span> 
     </span>
     <span class='ocr_line' id='line_1_27' title="bbox 173 1778 1650 1837; baseline 0.012 -28"><span class='ocrx_word' id='word_1_247' title='bbox 173 1778 312 1809; x_wconf 81' lang='lat' dir='ltr'><strong>maxime</strong></span> <span class='ocrx_word' id='word_1_248' title='bbox 348 1779 517 1821; x_wconf 77' lang='lat' dir='ltr'><strong>praeclaris</strong></span> <span class='ocrx_word' id='word_1_249' title='bbox 546 1784 709 1823; x_wconf 88' lang='lat' dir='ltr'><strong>inventis,</strong></span> <span class='ocrx_word' id='word_1_250' title='bbox 745 1793 777 1817; x_wconf 88' lang='lat' dir='ltr'><strong>et</strong></span> <span class='ocrx_word' id='word_1_251' title='bbox 811 1787 910 1819; x_wconf 88' lang='lat' dir='ltr'><strong>studii</strong></span> <span class='ocrx_word' id='word_1_252' title='bbox 948 1792 1164 1822; x_wconf 80' lang='lat' dir='ltr'><strong>Astronomici</strong></span> <span class='ocrx_word' id='word_1_253' title='bbox 1195 1792 1276 1824; x_wconf 83' lang='lat' dir='ltr'><strong>fines</strong></span> <span class='ocrx_word' id='word_1_254' title='bbox 1306 1793 1492 1837; x_wconf 81' lang='lat' dir='ltr'><strong>longissime</strong></span> <span class='ocrx_word' id='word_1_255' title='bbox 1515 1793 1650 1836; x_wconf 82' lang='lat' dir='ltr'><strong>protulit</strong></span> 
     </span>
     <span class='ocr_line' id='line_1_28' title="bbox 169 1835 1322 1893; baseline 0.014 -26"><span class='ocrx_word' id='word_1_256' title='bbox 169 1839 204 1867; x_wconf 84' lang='lat' dir='ltr'><strong>et</strong></span> <span class='ocrx_word' id='word_1_257' title='bbox 226 1835 394 1878; x_wconf 86' lang='lat' dir='ltr'><strong>Copernici</strong></span> <span class='ocrx_word' id='word_1_258' title='bbox 421 1836 617 1881; x_wconf 80' lang='lat' dir='ltr'><strong>hypothesin</strong></span> <span class='ocrx_word' id='word_1_259' title='bbox 639 1841 843 1876; x_wconf 81' lang='lat' dir='ltr'><strong>validissimis</strong></span> <span class='ocrx_word' id='word_1_260' title='bbox 864 1852 1062 1889; x_wconf 84' lang='lat' dir='ltr'><strong>argumentis</strong></span> <span class='ocrx_word' id='word_1_261' title='bbox 1089 1852 1322 1893; x_wconf 83' lang='lat' dir='ltr'><strong>comprobavit.</strong></span> 
     </span>
    </p>

    <p class='ocr_par' dir='ltr' id='par_1_6' title="bbox 1270 1911 1283 1938">
     <span class='ocr_line' id='line_1_29' title="bbox 1270 1911 1283 1938; baseline 0 -5"><span class='ocrx_word' id='word_1_262' title='bbox 1270 1911 1283 1938; x_wconf 54' lang='lat' dir='ltr'><em>J</em></span> 
     </span>
    </p>

    <p class='ocr_par' dir='ltr' id='par_1_7' title="bbox 170 1948 1644 2120">
     <span class='ocr_line' id='line_1_30' title="bbox 214 1948 1644 2006; baseline 0.014 -26"><span class='ocrx_word' id='word_1_263' title='bbox 214 1948 270 1981; x_wconf 87' lang='lat' dir='ltr'><strong>Ad</strong></span> <span class='ocrx_word' id='word_1_264' title='bbox 287 1960 417 1981; x_wconf 85' lang='lat' dir='ltr'><strong>cursum</strong></span> <span class='ocrx_word' id='word_1_265' title='bbox 438 1953 549 1985; x_wconf 80' lang='lat' dir='ltr'><strong>Martis</strong></span> <span class='ocrx_word' id='word_1_266' title='bbox 573 1966 647 1987; x_wconf 89' lang='lat' dir='ltr'><strong>cum</strong></span> <span class='ocrx_word' id='word_1_267' title='bbox 671 1959 816 1991; x_wconf 87' lang='lat' dir='ltr'><strong>animum</strong></span> <span class='ocrx_word' id='word_1_268' title='bbox 843 1961 1047 2004; x_wconf 88' lang='lat' dir='ltr'><strong>applicuisset</strong></span> <span class='ocrx_word' id='word_1_269' title='bbox 1071 1963 1247 2006; x_wconf 86' lang='lat' dir='ltr'><strong>Keplerus‚</strong></span> <span class='ocrx_word' id='word_1_270' title='bbox 1284 1965 1416 1998; x_wconf 87' lang='lat' dir='ltr'><strong>calculis</strong></span> <span class='ocrx_word' id='word_1_271' title='bbox 1446 1967 1644 2004; x_wconf 83' lang='lat' dir='ltr'><strong>innumeris,</strong></span> 
     </span>
     <span class='ocr_line' id='line_1_31' title="bbox 170 2004 1643 2067; baseline 0.016 -34"><span class='ocrx_word' id='word_1_272' title='bbox 170 2004 275 2048; x_wconf 80' lang='lat' dir='ltr'><strong>iisque</strong></span> <span class='ocrx_word' id='word_1_273' title='bbox 300 2005 522 2051; x_wconf 75' lang='lat' dir='ltr'><strong>difficillimis,</strong></span> <span class='ocrx_word' id='word_1_274' title='bbox 554 2013 734 2046; x_wconf 88' lang='lat' dir='ltr'><strong>incredibili</strong></span> <span class='ocrx_word' id='word_1_275' title='bbox 768 2016 924 2048; x_wconf 76' lang='lat' dir='ltr'><strong>industria</strong></span> <span class='ocrx_word' id='word_1_276' title='bbox 960 2019 1146 2058; x_wconf 89' lang='lat' dir='ltr'><strong>subductis,</strong></span> <span class='ocrx_word' id='word_1_277' title='bbox 1181 2033 1221 2053; x_wconf 86' lang='lat' dir='ltr'><strong>eo</strong></span> <span class='ocrx_word' id='word_1_278' title='bbox 1249 2023 1377 2054; x_wconf 87' lang='lat' dir='ltr'><strong>tandem</strong></span> <span class='ocrx_word' id='word_1_279' title='bbox 1407 2026 1574 2067; x_wconf 88' lang='lat' dir='ltr'><strong>pervenit,</strong></span> <span class='ocrx_word' id='word_1_280' title='bbox 1607 2030 1643 2055; x_wconf 69' lang='lat' dir='ltr'><strong>tlt</strong></span> 
     </span>
     <span class='ocr_line' id='line_1_32' title="bbox 170 2061 1644 2120; baseline 0.014 -28"><span class='ocrx_word' id='word_1_281' title='bbox 170 2061 294 2094; x_wconf 84' lang='lat' dir='ltr'><strong>nullam</strong></span> <span class='ocrx_word' id='word_1_282' title='bbox 313 2074 464 2104; x_wconf 83' lang='lat' dir='ltr'><strong>curvam,</strong></span> <span class='ocrx_word' id='word_1_283' title='bbox 489 2067 552 2100; x_wconf 81' lang='lat' dir='ltr'><strong>nisi</strong></span> <span class='ocrx_word' id='word_1_284' title='bbox 576 2068 704 2113; x_wconf 85' lang='lat' dir='ltr'><strong>ellipsin</strong></span> <span class='ocrx_word' id='word_1_285' title='bbox 727 2079 812 2105; x_wconf 89' lang='lat' dir='ltr'><strong>certa</strong></span> <span class='ocrx_word' id='word_1_286' title='bbox 842 2077 968 2107; x_wconf 86' lang='lat' dir='ltr'><strong>ratione</strong></span> <span class='ocrx_word' id='word_1_287' title='bbox 992 2079 1114 2110; x_wconf 89' lang='lat' dir='ltr'><strong>circum</strong></span> <span class='ocrx_word' id='word_1_288' title='bbox 1140 2079 1240 2112; x_wconf 86' lang='lat' dir='ltr'><strong>solem</strong></span> <span class='ocrx_word' id='word_1_289' title='bbox 1270 2080 1418 2120; x_wconf 88' lang='lat' dir='ltr'><strong>ductam,</strong></span> <span class='ocrx_word' id='word_1_290' title='bbox 1440 2081 1517 2112; x_wconf 87' lang='lat' dir='ltr'><strong>huic</strong></span> <span class='ocrx_word' id='word_1_291' title='bbox 1535 2082 1644 2112; x_wconf 87' lang='lat' dir='ltr'><strong>cursui</strong></span> 
     </span>
    </p>

    <p class='ocr_par' dir='ltr' id='par_1_8' title="bbox 955 2135 1648 2177">
     <span class='ocr_line' id='line_1_33' title="bbox 955 2135 1648 2177; baseline 0.01 -13"><span class='ocrx_word' id='word_1_292' title='bbox 955 2135 979 2164; x_wconf 84' lang='lat' dir='ltr'>B</span> <span class='ocrx_word' id='word_1_293' title='bbox 1003 2147 1021 2168; x_wconf 76' lang='lat'><em>2</em></span> <span class='ocrx_word' id='word_1_294' title='bbox 1589 2148 1648 2177; x_wconf 49' lang='lat' dir='ltr'><strong>ext</strong></span> 
     </span>
    </p>
   </div>
  </div>
 </body>
</html>
