1930 2448
433 107 663 138 RESPONsio
683 116 727 138 AD
749 107 1058 147 QUAESTIONEM
1081 111 1407 145 THEOLOGICAM.
1643 123 1679 153 37

208 191 264 221 111.
280 191 375 220 Etiam
401 197 487 227 atque
516 191 599 220 etiam
625 191 776 220 tenendum
799 197 862 227 est,
891 192 925 220 ad
954 200 1103 222 auctorum
1132 204 1278 225 sacrorum
1304 197 1439 226 notiones
1463 197 1498 226 de
1525 198 1610 226 rebus
1637 198 1681 226 di>-

170 244 246 273 vinis
268 244 483 281 cognoscendas
511 243 626 273 minime
658 243 787 272 sufficere
809 243 982 281 hominum,
1013 246 1062 282 qui
1086 246 1216 282 ipsorum
1242 256 1312 277 aevo
1338 248 1492 285 vixerunt,
1525 249 1677 285 opiniones

166 304 266 327 nosse.

215 348 280 376 Nec
303 347 408 376 Moses
428 367 439 382 ,
480 354 532 375 nec
557 346 605 375 alii
632 345 671 376 V.
702 346 743 376 T.
773 352 905 375 auctores
936 355 967 375 ea
991 347 1200 383 superstitione
1232 349 1334 377 imbuti
1370 349 1506 387 fuerunt,
1542 360 1597 387 qua
1617 351 1679 380 He-

168 399 320 428 braeorum
348 399 454 434 vulgus
478 397 658 433 inquinatum
685 398 836 434 videmus3
861 398 955 433 plebis
979 399 1014 427 de
1030 398 1156 428 Numine
1176 410 1310 437 supremo
1334 402 1490 431 sententiae
1517 403 1597 431 valde
1619 403 1676 431 dif-

168 450 299 479 ferebant
324 449 359 477 ab
385 449 443 485 iis,
473 457 543 485 quas
570 449 809 485 intelligentiores
836 449 941 485 passini
966 449 1091 486 professi
1118 459 1199 480 sunt.
1243 452 1335 482 Cous.
1357 456 1446 484 Deut.
1467 462 1507 490 4:
1531 462 1674 491 15—19.

161 501 222 539 Jes.
240 510 295 536 40:
321 503 459 536 18-25.
500 499 669 528 Praesertim
689 500 732 530 N.
760 500 800 529 T.
823 507 956 529 auctores
974 501 1003 529 id
1022 501 1254 538 frequentissime
1272 512 1300 533 et
1322 505 1509 535 solertissime
1531 513 1672 542 egerunt,

164 560 197 581 ut
223 562 286 582 sese
309 551 469 588 aequalium
491 550 678 587 opinionibus
703 558 902 588 opponerent,
925 559 952 580 et
976 561 1009 581 eo
1036 559 1145 582 tanturn
1174 555 1296 584 consilio
1325 557 1360 585 ad
1390 558 1520 593 vulgares
1549 558 1671 586 subinde

167 610 196 632 et
215 612 275 632 non
300 602 379 631 omni
400 609 480 639 parte
495 602 655 638 probandas
672 602 826 639 opiniones
844 612 875 632 se
901 606 1175 643 acconnnodarunt,
1195 616 1253 643 quo
1278 608 1380 636 melius
1409 617 1519 637 errores
1540 618 1673 646 quosque

163 654 269 684 noxios
292 661 504 691 oppugnarent.
543 654 604 682 Vid
625 662 671 684 ex.
693 663 737 691 gr.
779 655 855 683 Luc.
885 657 935 685 16:
958 665 994 693 23
1014 666 1082 693 sqq.
1105 658 1192 687 niodo
1211 658 1260 686 cit.
1301 659 1410 688 Matth.
1431 667 1467 688 1:
1493 668 1523 688 11
1538 680 1548 695 ,
1573 667 1620 690 12.
1643 668 1671 690 et

163 706 240 735 Luc.
261 713 317 743 13:
337 715 389 742 29.
431 704 528 742 Quum
549 704 638 741 igitur
660 713 694 733 ex
718 705 905 741 opinionibus
934 716 1053 744 eorum,
1075 708 1104 737 in
1135 718 1258 745 quorum
1283 709 1401 745 gratiam
1426 709 1588 745 scribatur,
1611 720 1670 740 non

164 767 277 795 semper
304 758 376 788 effici
401 757 516 795 possit,
541 757 614 794 quid
642 756 722 786 Sacri
746 765 879 787 auctores
906 759 963 795 ipsi
990 760 1132 790 senserint
1152 767 1180 789 et
1197 760 1371 796 statuerint,
1402 760 1455 789 alia
1482 760 1599 798 insuper
1618 762 1673 790 ob-

162 810 299 839 servanda
322 817 402 841 sunt.

199 859 253 889 IV.
276 859 416 890 Videlicet
431 860 461 890 in
477 860 576 897 primis
598 861 711 897 quidem
730 862 764 892 ad
782 871 812 892 ea
831 864 894 893 loca
916 864 1115 893 attendendum
1141 870 1203 900 est,
1223 863 1252 893 in
1271 863 1376 899 quibus
1395 864 1429 893 de
1453 864 1538 893 rebus
1563 865 1667 894 divinis

159 920 254 940 sermo
270 918 326 941 est.
366 912 502 941 Perverse
519 921 589 942 vero
610 912 697 950 egerit
714 913 761 952 is,
783 914 833 949 qui
852 923 885 944 ex
906 915 941 944 iis
959 915 1031 944 locis
1043 935 1053 950 ‚
1076 915 1125 943 ubi
1142 925 1202 945 non
1217 915 1272 945 nisi
1289 915 1402 951 obiter,
1424 922 1510 951 atque
1531 916 1608 944 aliud
1626 916 1669 945 fe-

159 971 190 991 re
208 969 323 999 agentes
343 969 474 991 auctores
494 963 584 999 sacri,
605 964 666 993 sive
689 964 753 1000 ini,
777 973 902 1000 quorum
925 966 999 995 dicta
1014 965 1163 1001 referunt,
1186 975 1231 995 res
1251 966 1361 995 divinas
1384 966 1547 1003 attingunt,
1569 976 1667 996 eorum

159 1013 264 1050 placita
289 1022 389 1042 eruere
413 1013 567 1043 studuerit.
606 1015 668 1051 Ita,
689 1024 719 1044 v.
741 1024 768 1044 c.
792 1024 807 1044 e
829 1018 894 1045 loco
920 1017 1017 1045 Marc.
1043 1025 1097 1052 13²
1128 1025 1162 1053 32
1180 1037 1191 1051 ‚
1220 1017 1270 1045 ubi
1296 1019 1309 1048 α’
1333 1019 1387 1051 ime
1410 1017 1514 1046 dicitur
1538 1019 1666 1047 solennis

158 1064 261 1101 judicii
279 1073 394 1100 tempus
411 1064 563 1100 ignorare,
583 1074 643 1094 non
658 1074 725 1094 mox
739 1066 875 1096 concludi
889 1073 1008 1103 potest,
1020 1066 1120 1104 Jesum
1138 1066 1288 1096 Christum
1312 1068 1416 1097 Filium
1441 1068 1497 1097 Dei
1519 1069 1574 1097 hoc
1598 1071 1664 1099 loco

156 1123 251 1143 rerum
273 1115 434 1143 futurarum
458 1114 600 1144 inscitiam
627 1117 783 1153 confiteri,
812 1118 947 1153 quoniam
971 1117 1019 1146 hic
1051 1117 1146 1146 obiter
1172 1124 1281 1147 tantum
1310 1126 1338 1147 et
1365 1119 1503 1155 singulari
1529 1128 1665 1157 respectu

156 1167 191 1194 de
209 1166 261 1194 hac
278 1166 370 1194 futuri
386 1167 526 1201 temporis
547 1166 728 1203 ignoratione
746 1170 863 1197 locutus
882 1175 946 1204 est,
967 1167 1036 1197 alibi
1052 1177 1122 1197 vero
1143 1169 1268 1198 omnium
1289 1178 1382 1198 rerum
1399 1170 1545 1199 scientiam
1565 1179 1663 1208 aperte

155 1216 211 1245 sibi
237 1216 350 1245 tribuit.
391 1216 491 1245 Multo
517 1217 619 1246 melius
649 1224 677 1246 et
703 1218 809 1248 certius
833 1226 933 1248 contra
953 1228 968 1248 e
998 1218 1091 1256 locis,
1123 1219 1153 1249 in
1182 1220 1287 1256 quibus
1312 1221 1441 1258 diserte,
1459 1228 1555 1257 aperte
1578 1229 1664 1258 atque

155 1275 190 1296 ex
215 1266 349 1303 professo
372 1267 453 1303 quasi
476 1267 511 1295 de
527 1268 622 1304 aliqua
644 1278 674 1298 re
703 1270 737 1299 ad
761 1270 927 1307 religionem
951 1271 1106 1308 pertinenti
1127 1272 1303 1309 exponitur,
1328 1272 1455 1302 auctoris
1484 1273 1519 1302 de
1545 1282 1575 1302 ea
1600 1276 1661 1310 pla-

154 1317 211 1347 cita
233 1318 372 1355 cognosci
399 1326 535 1355 possunt.
576 1322 640 1357 Ita,
662 1329 692 1350 v.
719 1330 747 1351 c.
770 1330 784 1350 e
808 1321 880 1351 locis
903 1323 953 1352 ΡΞ,
974 1325 1032 1360 36:
1055 1331 1071 1359 7
1094 1331 1161 1359 sqq.
1210 1324 1271 1361 Jes.
1294 1333 1353 1361 49:
1380 1333 1427 1361 15.
1457 1325 1568 1362 egregie
1591 1326 1662 1354 effici

153 1375 270 1405 potest,
294 1370 364 1405 quid
387 1377 507 1407 uterque
532 1378 633 1401 auctor
655 1374 788 1402 statuerit
809 1374 844 1403 de
868 1374 1070 1404 benevolentia
1091 1374 1199 1404 divina.
1242 1375 1268 1404 E
1286 1378 1351 1405 loco
1366 1377 1450 1414 Joan.
1471 1386 1504 1413 5:
1524 1386 1577 1414 17,
1602 1387 1659 1414 19',

152 1429 209 1455 21,
231 1422 369 1460 26—29.
401 1422 557 1452 clarissime
583 1432 718 1461 apparet,
741 1426 922 1455 Servatorern
946 1433 1078 1455 nostrum
1108 1435 1206 1455 revera
1228 1426 1285 1455 sibi
1318 1436 1408 1463 aeque
1434 1437 1465 1456 ac
1498 1428 1575 1457 Patri
1601 1420 1681 1457 vimv

153 1472 378 1508 omnipotentem
396 1473 540 1504 tribuisse.
582 1476 608 1504 E
634 1477 700 1504 loco
713 1477 761 1514 Jo.
784 1486 817 1506 1:
843 1487 855 1506 1
871 1493 905 1499 —
921 1487 968 1514 14.
990 1486 1118 1514 apertum
1142 1485 1205 1514 est,
1228 1478 1297 1514 quid
1322 1479 1358 1507 de
1385 1479 1494 1519 duplici
1518 1480 1590 1516 Jesu
1609 1489 1660 1509 na-

152 1529 217 1552 tura
241 1524 372 1553 statuerit
401 1525 598 1561 Euangelista.
649 1528 715 1558 Alia
735 1529 770 1557 de
790 1529 876 1558 variis
899 1529 1045 1559 doctrinae
1068 1529 1211 1566 capitibus
1233 1538 1267 1557 ex
1291 1530 1346 1558 hoc
1371 1539 1475 1566 genere
1498 1531 1560 1559 loca
1589 1538 1657 1560 sunt

151 1574 232 1610 Eph.
249 1583 285 1611 4:
309 1583 345 1604 22
361 1584 430 1612 sqq.
471 1577 542 1608 Act.
562 1586 616 1614 17:
639 1588 780 1617 24—31.
823 1590 835 1611 1
857 1581 929 1611 Cor.
949 1587 986 1617 32
1005 1587 1123 1617 9—15.
1165 1590 1178 1610 1
1205 1582 1277 1610 Cor.
1299 1589 1352 1617 15:
1375 1590 1410 1617 3,
1441 1590 1482 1616 4,
1517 1588 1570 1617 14,
1603 1590 1656 1617 ¹7³

151 1633 289 1655 20—22.
334 1627 396 1664 Jac.
415 1635 452 1656 2:
476 1635 511 1664 14
536 1637 605 1665 sqq.
655 1630 734 1659 Heb.
756 1633 794 1660 6:
826 1640 861 1667 1,
884 1641 917 1661 2.
968 1640 980 1661 1
999 1632 1047 1669 Jo.
1067 1639 1107 1660 2:
1128 1633 1168 1667 6,
1196 1639 1245 1660 22.
1277 1639 1311 1659 ex
1340 1631 1447 1667 quibus
1471 1631 1546 1660 haud
1575 1632 1659 1661 dubi-

151 1682 243 1705 tanter
268 1676 340 1705 effici
360 1678 472 1714 possit,
496 1679 566 1715 quid
586 1681 694 1717 singuli
719 1688 850 1711 auctores
876 1683 910 1711 de
932 1682 968 1711 iis
990 1682 1153 1711 statuerint.

185 1727 351 1764 Praeterea,
368 1729 402 1756 ad
416 1729 554 1766 judicium
573 1731 608 1759 de
625 1733 766 1769 cujusque
792 1733 943 1768 scriptoris
966 1733 1079 1769 placitis
1100 1732 1134 1761 de
1159 1731 1297 1769 religione
1322 1740 1405 1762 caute
1428 1733 1576 1762 ferendum
1592 1755 1602 1769 ‚
1627 1744 1657 1763 ea

150 1778 316 1814 praesertim
343 1779 591 1810 animadvertenda
619 1789 707 1819 sunt,
746 1793 817 1819 quae
844 1783 975 1820 repetitis
1009 1783 1122 1812 vicibus
1151 1790 1253 1820 urgent
1279 1784 1351 1812 sacri
1380 1791 1534 1821 auctoresg,
1563 1792 1590 1813 et
1623 1787 1657 1814 de

153 1838 281 1864 quorum
303 1830 374 1859 adeo
403 1832 522 1860 veritate
545 1839 572 1861 et
600 1834 796 1870 cognoscendi
821 1834 991 1863 necessitate
1016 1842 1064 1862 eos
1089 1835 1168 1862 nulla
1195 1833 1304 1863 ratione
1332 1834 1477 1864 dubitasse
1498 1835 1565 1863 satis
1589 1844 1658 1863 con-

151 1886 225 1908 stare
254 1880 397 1910 videatur.
446 1882 530 1911 Illius
558 1883 670 1919 generis
697 1890 765 1912 sunt
782 1904 792 1918 ,
824 1893 896 1920 quae
926 1885 1042 1913 tradidit
1065 1885 1169 1913 Moses
1195 1885 1229 1914 int
1253 1886 1289 1914 11.
1314 1886 1412 1915 Exod.
1439 1894 1491 1915 20:
1528 1896 1590 1922 3-
1608 1894 1657 1918 11.

148 1931 237 1959 Dent.
259 1940 298 1967 4:
321 1939 379 1969 35,
402 1941 451 1969 39.
492 1934 531 1962 6:
548 1944 586 1970 4,
609 1942 638 1970 5.
660 1934 803 1971 aliisque3
829 1944 900 1972 quae
913 1936 1021 1974 Jesaias
1036 1935 1187 1972 professus
1204 1944 1267 1973 est,
1283 1946 1310 1966 c.
1330 1946 1392 1973 44:
1415 1938 1453 1972 6,
1474 1945 1534 1974 45:
1555 1945 1610 1974 5-—
1626 1940 1655 1967 8.

150 1988 236 2018 atque
254 1983 342 2020 a1ibi3
364 1993 416 2013 nce
443 1994 502 2014 non
521 1982 602 2017 Pauli
627 1986 661 2014 de
686 1986 742 2014 fide
765 1987 929 2018 Christiana
955 1987 1036 2016 effata
1059 1987 1127 2017 Gal.
1144 1996 1178 2017 2:
1201 1996 1250 2018 20.
1291 1997 1309 2018 2
1327 1989 1401 2019 Cor.
1424 1997 1459 2026 5:
1485 1996 1536 2025 15..
1574 1990 1655 2019 Coll.

149 2041 183 2063 1:
206 2042 254 2071 23.
296 2034 364 2064 Gal.
384 2038 471 2074 5²6·
514 2046 526 2066 1
551 2037 623 2068 Cor.
643 2045 698 2074 13³
723 2046 769 2075 13.

960 2089 987 2119 E
1009 2099 1029 2127 3,
1596 2090 1660 2120 Deae
