1961 2438
392 153 433 187 30
889 137 927 171 C.
1013 133 1340 169 EKA'MA

425 229 539 262 Itidem
563 235 803 260 wvnrmsm
827 231 958 263 nostro,
982 223 1189 260 missionem,
1212 223 1304 266 cujus
1326 221 1483 254 fructibus
1509 221 1656 266 jucundo
1679 223 1746 255 otio
1759 223 1849 255 frua-

385 293 438 318 tur
462 286 517 318 diu
542 283 740 317 venerandus
765 282 880 314 senex!
913 282 1078 314 honestam
1108 279 1224 322 adepto
1245 289 1408 311 successor
1433 290 1797 320 MEUWENHUSHJS,
1819 286 1850 312 et

385 343 588 386 Physicarum
616 351 651 371 ac
677 339 969 370 Mathematicarum
986 360 998 376 ‚
1042 342 1073 367 et
1100 336 1388 379 Metapliysicarum
1417 338 1534 380 pariter
1564 348 1670 368 rerum
1701 337 1851 377 scientia,

385 410 480 442 quam
502 396 671 429 scribendo
697 395 905 438 docendoque
928 400 992 425 tam
1008 393 1123 424 eximie
1144 393 1311 435 probavit,
1336 394 1486 432 illustris,
1519 395 1658 436 suscepit
1677 394 1851 426 Professio-

385 465 459 486 nem
485 453 706 497 Philosophiae
728 453 928 484 Theoreticae
951 448 1153 480 Ordinariam
1167 474 1177 491 ‚
1208 452 1359 482 Oratione
1384 450 1425 482 de
1447 452 1644 484 Praestantt'a
1662 450 1759 493 hujus
1775 452 1852 483 Phi.

383 510 547 554 Iosoplzt'ae
573 513 605 541 in
624 510 770 545 dissensu.
791 507 1056 552 Pln‘loscsslzomm
1083 507 1263 549 conspicua.
1308 507 1496 540 Profiteatur
1517 518 1587 540 eam
1608 519 1648 540 ex
1672 509 1756 541 votis
1781 518 1852 545 om!

381 569 462 599 nino
485 569 535 599 vir
555 568 852 611 praestantissimus.

424 670 592 706 Veterum,
628 666 747 710 quibus
772 665 852 697 edax
883 667 1024 710 pepercit
1058 672 1206 710 tempus,
1240 667 1528 698 Monumentorum
1553 665 1848 710 Gazophylacium‚

383 727 431 756 Tu
456 725 696 767 diligentissime
720 733 830 762 curam,
854 724 1079 756 Literatissime
1096 721 1310 756 rnznvmzs!
1333 725 1440 755 omnis
1471 722 1721 766 Archaeologiae
1747 722 1851 767 expli-

381 788 469 813 cator
499 781 815 824 intelligentissimus.

432 881 554 913 Priscae
586 892 664 914 vero
696 881 784 914 Artis
815 880 998 920 Miraculis‚
1028 881 1089 914 rite
1120 880 1305 925 dispositis,
1346 881 1404 924 qui
1429 886 1551 923 praeest
1574 881 1850 924 ingeniosissimus

378 947 491 970 numu
506 948 651 977 rarus,
673 937 832 980 quidquid
863 937 993 969 Pulchri
1019 939 1219 981 Venustique
1250 936 1387 969 habeant
1412 947 1551 981 gnarus,
1573 943 1605 969 et
1624 937 1775 994 admirari
1791 939 1849 972 do-

374 1001 436 1025 -cet
456 1001 487 1025 et
508 995 647 1032 imitari,
668 993 765 1037 judex
788 1000 819 1024 et
843 993 1087 1028 demonstrator.

423 1094 529 1137 Pergit
550 1101 581 1126 et
603 1104 828 1127 xmmpssuus
855 1093 1012 1127 indefesso
1044 1093 1176 1134 labore,
1206 1104 1281 1135 cum
1307 1093 1427 1126 Literas
1451 1095 1657 1130 Germanicas
1680 1094 1843 1139 docendo„l

381 1154 450 1181 tum
476 1153 577 1183 varias
598 1152 753 1183 Historiae
779 1158 885 1195 partes
909 1151 1079 1184 scribendo
1110 1150 1279 1183 illustrare.

423 1248 573 1294 Reliquos
588 1251 698 1285 itidem
716 1255 893 1286 Doctorum
913 1253 1118 1298 publicorum
1129 1251 1266 1285 Ordines
1276 1251 1431 1286 habemus
1445 1253 1512 1287 suis
1527 1255 1672 1288 numeris
1688 1254 1846 1299 expletoss

423 1362 622 1397 Medicorum
647 1373 832 1400 nostrorum
850 1370 1009 1401 Coronam
1025 1366 1153 1410 plenam
1177 1365 1398 1408 integramque
1415 1365 1610 1409 adspicimus
1629 1368 1726 1409 laeti,
1748 1369 1844 1402 Viros

380 1415 599 1459 clarissimos,
618 1425 872 1465 expertissimos,
894 1436 943 1456 nn
959 1435 1004 1456 pn
1014 1426 1112 1462 inu,
1128 1432 1273 1454 smrmr
1284 1432 1449 1461 oRTUM2
1474 1434 1734 1464 KRAUSHUM,
1760 1436 1845 1457 BER·

377 1483 399 1504 N
408 1484 427 1504 A
436 1485 455 1505 r
464 1486 510 1507 nu
521 1489 568 1516 M,
593 1479 659 1510 suis
682 1480 826 1523 singulos
849 1481 970 1513 meritis
994 1480 1146 1518 eximios,
1168 1478 1235 1509 suis
1268 1479 1316 1510 sin
1320 1479 1412 1521 gulos
1443 1478 1594 1519 dotibus,
1619 1481 1770 1513 latissime
1789 1493 1841 1526 pa—

379 1534 499 1562 tentem
516 1533 602 1565 illam
617 1537 703 1567 Artis
723 1537 900 1568 salutiferae
918 1524 1120 1580 disciplinam
1129 1557 1141 1575 ,
1165 1537 1200 1567 in
1218 1534 1384 1578 publicum
1401 1536 1629 1577 commodum,
1653 1549 1845 1581 promoven·

379 1591 425 1618 tes
437 1609 447 1626 ‚
470 1596 638 1632 ornantes,
661 1593 903 1636 amplificantes.

420 1687 652 1726 Quatuorviros
685 1703 816 1736 quoque
846 1693 932 1735 Juris
955 1695 1141 1737 Legumque
1165 1693 1353 1737 interpretes
1382 1690 1636 1724 consultissimos
1656 1702 1764 1724 coram
1796 1693 1846 1725 in.

377 1745 505 1775 tuemur
523 1746 646 1786 salvos,
688 1759 1067 1782 SMALLENBURGIUM
1101 1750 1200 1794 longo
1225 1759 1336 1782 rerum
1365 1760 1426 1781 usu
1451 1748 1646 1792 perfectum,
1693 1759 1845 1782 xemen-

379 1805 428 1828 Ru
439 1810 482 1838 M,
513 1803 589 1844 qui,
613 1803 751 1846 politicis
774 1808 920 1848 quamvis
945 1806 1121 1850 implicitus
1146 1807 1303 1850 negotiis,
1327 1817 1394 1838 non
1417 1808 1525 1837 minus
1549 1812 1654 1838 tamen
1676 1806 1757 1850 quid
1777 1807 1846 1849 jus-

378 1858 448 1884 tum
478 1857 557 1898 quid
581 1867 703 1892 rectum
738 1862 779 1892 sit
811 1862 958 1894 docendo
994 1863 1136 1895 intentus
1168 1864 1277 1903 vivit,
1312 1865 1419 1907 Teque
1455 1863 1696 1906 vigilantissime
1726 1874 1848 1895 TYDE-

381 1918 543 1952 ΜΑΝΝΕ,
569 1914 637 1956 jam
662 1916 738 1947 olim
763 1918 797 1948 in
818 1918 986 1950 Academia
1006 1919 1142 1951 Frisiaca
1161 1919 1289 1962 Collega
1312 1919 1392 1950 mihi
1413 1919 1691 1962 conjunctissime!
1737 1921 1846 1962 Teque

382 1968 473 1998 omni
499 1969 623 2003 liberali
649 1973 794 2006 doctrina
831 1975 1020 2018 politissime
1050 1987 1130 2008 vsu
1163 1986 1303 2015 ASSBN,
1333 1974 1446 2006 eodem
1476 1985 1601 2007 mecum
1635 1974 1771 2007 oriunde
1791 1984 1847 2006 na·

382 2021 437 2052 tali
462 2025 554 2065 solo,
583 2029 678 2060 Frisia
695 2053 705 2068 ‚
739 2037 786 2062 tot
810 2042 1002 2074 magnorum
1024 2034 1286 2077 Jurisperitorum
1317 2032 1400 2064 fama
1431 2031 1563 2071 illustri,
1600 2043 1696 2076 quam
1732 2032 1845 2075 utique

379 2075 517 2120 glmiam
538 2089 569 2116 et
591 2087 639 2117 Tu
663 2086 760 2130 digne
785 2088 933 2122 tueberiS.

1720 2144 1846 2177 Trium.
