1930 2448
364 110 590 145 RESPONSIO
618 119 661 142 An
690 111 1000 151 QUAESTIONEM
1031 112 1311 150 LITERARIAM.
1559 131 1594 161 17

28 192 32 199 ’
81 194 230 228 nti-merum
256 197 415 232 librorum,
443 203 476 225 ut
499 197 582 226 locus
605 196 634 226 in
660 195 787 226 Bruchio
810 194 955 225 deficeret.
999 197 1122 228 Constat
1144 208 1178 230 ex
1200 201 1372 232 testimoniis
1398 201 1596 242 Tertulliani,

83 248 227 278 Ammiani
251 242 413 277 Marcellini
432 253 459 276 et
477 247 545 284 Joh.
570 247 796 284 chrysostomi,
816 246 891 276 illam
910 253 975 276 ante
992 248 1142 278 Caesarem
1159 252 1300 282 extitisse.
1341 254 1388 283 Ex
1406 255 1503 292 inopia
1519 266 1593 293 quo-

84 309 142 336 que
162 299 338 328 eruditorum
350 319 360 334 ,
381 299 416 327 dc
436 307 492 334 qua
513 298 600 327 refert
614 299 791 333 Vitruvius,
811 297 907 327 Praef.
929 298 962 326 ad
980 298 1048 328 Lib.
1067 300 1134 330 VII.
1164 311 1250 339 agens
1268 305 1302 332 de
1314 305 1459 342 judicibus
1482 308 1512 337 in
1530 318 1592 338 cer-

84 350 239 379 mminibus
265 349 418 386 literariis,
439 350 541 378 deduci
565 350 661 387 possit
680 350 749 379 haec
770 348 908 378 accidisse
931 358 965 377 co
983 356 1137 387 tempore,
1160 362 1219 388 quo
1241 354 1376 392 Physcon
1399 358 1513 388 immani
1528 369 1595 389 cru-

83 401 199 430 delitate
223 401 423 430 Alexandriam
442 400 562 430 vexabat
582 402 646 438 (42
656 401 684 437 ).
727 421 746 436 ‚.‚
768 400 825 428 His
845 399 884 428 ita
908 400 1049 430 institutis
1073 402 1237 441 (inquit),
1263 415 1327 435 cum
1355 409 1414 438 ludi
1438 411 1595 446 adessent,

82 451 194 490 judices
215 452 344 488 literati,
366 452 417 488 qui
443 460 476 480 ea
500 452 674 489 probarent,
696 458 776 482 erant
796 451 919 488 legendi.
960 452 1023 481 Rex
1046 462 1110 482 cum
1136 455 1193 492 jam
1212 465 1246 484 ex
1272 457 1392 488 civitate
1423 470 1474 490 sex
1503 464 1595 492 lectos

83 502 252 538 habuisset,
279 511 332 532 nec
360 509 415 531 tam
443 502 502 531 cito
533 503 688 540 septimum
715 503 850 532 idoneum
880 502 1042 540 inveniret,
1071 506 1172 534 retulit
1197 508 1232 536 ad
1258 516 1332 545 eos,
1362 511 1413 546 qui
1441 521 1526 548 supra
1551 515 1598 543 Bi-

84 553 256 582 bliothecam
278 553 413 589 fuerant;
435 559 462 581 et
484 554 605 589 quaesiit
634 554 659 583 si
680 563 763 590 quem
785 553 936 583 novissent
962 556 996 584 ad
1023 556 1052 584 id
1078 558 1255 593 expeditum.
1298 560 1384 590 Tunc
1411 563 1436 591 ei
1462 564 1597 594 dixerunt

84 612 147 632 esse
178 603 326 639 quemdam
353 603 598 641 Aristophanem,
628 605 678 641 qui
707 613 820 634 summo
853 605 950 634 studio
974 615 1140 645 summaque
1167 610 1311 647 diligentia
1339 615 1467 649 quotidie
1497 625 1598 646 omnes

83 655 176 686 libros
195 663 230 683 ex
247 654 349 683 ordine
377 656 548 692 perlegeret.
590 657 690 693 Itaque
710 656 739 685 in
768 663 915 686 conventu
937 658 1093 695 ludorum,
1115 669 1180 689 cum
1205 670 1330 692 secretae
1350 665 1431 694 sedes
1452 666 1599 703 judicibus

84 712 182 736 essent
205 705 395 742 distributae,
416 716 481 736 cum
506 707 608 737 ceteris
629 708 842 744 Aristophanes
866 708 991 744 citatus,
1014 713 1250 746 quemadmodum
1277 715 1371 745 fuerat
1397 719 1480 746 locus
1507 719 1532 747 ei
1553 719 1602 748 de-

83 759 241 795 signatus,
270 757 355 786 sedit.
402 757 499 787 Prinio
533 758 685 787 Poetarum
723 757 823 787 ordine
853 759 888 786 ad
916 761 1100 791 certationem
1132 763 1279 803 inducto,
1315 776 1379 796 cum
1414 769 1602 799 recitarentur

86 809 216 846 scripta,
246 810 377 845 populus
405 815 527 838 cunctus
552 809 741 846 significando
761 811 898 839 monebat
921 813 1032 850 judices
1060 816 1139 851 quod
1159 818 1306 853 probaret.
1333 819 1447 856 'Itaque
1473 830 1539 850 cum
1566 822 1602 851 ab

83 859 209 896 singulis
239 859 398 888 sententiae
423 867 491 889 sunt
517 868 652 897 rogatae,
680 870 730 890 sex
757 870 815 891 una
838 862 990 900 dixerunt,
1022 872 1050 894 et
1081 875 1165 902 quem
1200 869 1319 898 maxime
1346 871 1603 902 animadverterent

83 910 266 944 ,multitudini
292 910 457 948 placuisse,
486 911 512 940 ei
543 912 667 948 primum
693 913 858 949 premium,
888 913 1052 951 insequenti
1079 919 1236 948 secundum
1262 921 1438 951 tribuerunt.
1486 924 1604 953 Aristo-

88 962 196 999 phanes
215 971 307 998 vero,
329 971 393 991 cum
417 963 451 991 ab
477 972 510 992 eo
534 963 676 992 sententia
702 972 871 1001 rogaretur,
892 975 956 994 eum
983 968 1104 1003 primum
1128 971 1313 1006 pronunciari
1344 973 1452 1009 jussit,
1474 975 1524 1009 qui
1550 975 1605 1003 mi-

87 1014 165 1044 nime
192 1015 305 1050 populo
333 1013 499 1050 placuisset.
539 1015 615 1044 Cum
641 1021 735 1042 autem
759 1014 824 1044 Rex
856 1023 884 1045 et
909 1017 1036 1047 universi
1061 1020 1247 1050 vehementer
1272 1022 1511 1060 indignarentur,
1541 1035 1606 1054 sur·

88 1063 179 1099 rexit,
205 1070 233 1091 et
259 1065 385 1100 rogando
410 1064 594 1100 impetravit,
615 1072 647 1094 ut
676 1073 845 1102 paterentur
870 1076 901 1096 se
930 1068 1047 1106 dicere;
1070 1070 1193 1107 itaque,
1225 1072 1342 1102 silentio
1373 1073 1473 1111 facto,
1503 1076 1606 1108 docuit

87 1122 177 1143 unum
200 1122 236 1142 ex
265 1113 310 1142 his
331 1123 428 1143 verum
456 1123 518 1144 esse
540 1116 675 1152 poetam,
698 1124 825 1147 caeteros
851 1119 943 1149 aliena
969 1122 1114 1152 recitasse.
1158 1123 1302 1160 Oportere
1321 1133 1416 1155 autem
1443 1128 1605 1165 judicantes

85 1177 148 1200 non
169 1168 247 1197 furta
265 1168 316 1197 sed
337 1168 444 1204 scripta
467 1169 602 1205 probare.
645 1170 812 1200 Admirante
834 1173 948 1208 populo
979 1179 1007 1201 et
1030 1182 1097 1210 rege
1125 1174 1295 1212 dubitante,
1324 1176 1416 1206 fretus
1448 1180 1606 1216 memoria,

81 1219 176 1249 certis
203 1219 330 1249 armariis
358 1219 471 1250 infinita
496 1220 644 1249 volumina
669 1221 767 1249 eduxit
789 1229 818 1250 et
847 1230 878 1250 ea
896 1231 962 1250 cum
985 1223 1109 1252 recitatis
1130 1224 1307 1254 conferendo
1330 1218 1427 1263 coegit
1452 1229 1534 1265 ipsos
1560 1229 1607 1258 fu·

86 1278 168 1302 ratos
189 1272 224 1300 de
251 1280 283 1300 se
304 1270 450 1301 confiteri.
490 1271 591 1307 Itaque
616 1271 680 1300 Rex
695 1272 785 1309 jussit
807 1281 872 1301 cum
898 1273 943 1302 his
965 1274 1010 1310 agi
1027 1274 1120 1310 furti,
1143 1276 1408 1313 condemnatosque
1433 1288 1498 1308 cum
1523 1280 1608 1317 igno·

86 1323 177 1358 minia
201 1321 322 1351 dimisit.
364 1322 589 1359 Aristophanem
619 1331 689 1353 vero
718 1323 904 1361 amplissimis
933 1325 1101 1356 muneribus
1134 1327 1248 1357 ornavit
1278 1334 1306 1357 et
1330 1337 1420 1366 supra
1445 1330 1609 1361 Bibliothe-

89 1385 152 1407 carn
170 1375 361 1406 constituit.’'

127 1428 201 1458 Post
220 1435 315 1458 tantae
341 1428 512 1458 eruditionis
536 1429 740 1460 documentum
761 1432 952 1469 Aristophani
970 1441 1075 1462 munus
1098 1432 1240 1462 Praefecti
1264 1433 1462 1464 Bibliothecae
1483 1435 1608 1465 delatum

90 1486 159 1517 est,
178 1488 245 1509 cum
264 1486 342 1509 recte
359 1480 540 1510 Ptolemaeus
560 1482 723 1519 Judicaret,
746 1483 888 1513 neminem
915 1485 950 1513 ad
966 1485 1022 1513 hoc
1046 1485 1177 1518 officium,
1197 1485 1268 1514 adeo
1289 1494 1353 1515 esse
1379 1493 1500 1523 aptum,
1523 1495 1610 1523 quam

89 1530 144 1567 qui
167 1539 267 1560 omnes
285 1530 377 1560 totius
406 1531 605 1561 Bibliothecae
628 1533 720 1562 libros
739 1535 920 1572 perlegisset.
960 1537 1037 1565 Dum
1062 1537 1277 1573 Aristophanes
1302 1537 1501 1566 Bibliothecae
1526 1546 1611 1574 prae·

89 1579 169 1615 fuit,
189 1580 320 1617 quotidie
337 1581 514 1618 locupletata
539 1588 607 1618 est,
628 1590 657 1611 et
677 1583 815 1620 Physcon
841 1587 941 1615 eodem
957 1586 1053 1615 studio
1078 1595 1137 1622 quo
1162 1589 1309 1625 majores,
1337 1588 1393 1617 hoc
1422 1588 1477 1617 sibi
1501 1597 1614 1625 propo-

91 1630 188 1660 suisse
210 1631 346 1668 videtur,
368 1638 401 1660 ut
427 1632 582 1670 damnum,
613 1635 693 1670 quod
712 1634 797 1664 initio
823 1636 905 1673 regni
937 1636 1055 1666 eruditis
1080 1644 1167 1673 atque
1190 1637 1282 1666 literis
1310 1637 1468 1675 intulerat,
1499 1648 1614 1677 repara-

91 1687 149 1713 ret.
187 1681 245 1711 Sed
269 1691 359 1719 quum
377 1690 448 1720 post
473 1683 554 1714 illius
579 1692 701 1715 mortem
728 1685 848 1716 internis
873 1687 1000 1716 dissidiis
1027 1693 1055 1717 et
1083 1687 1169 1717 bellis
1196 1688 1359 1718 turbaretur
1383 1690 1561 1728 Aegyptus,
1585 1695 1617 1721 ετ

1557 1740 1616 1771 La-

92 1821 103 1844 Υ
131 1821 218 1857 (42)
242 1824 319 1850 Hunc
347 1832 457 1858 qnoque
481 1825 566 1853 fuisse
591 1827 771 1854 Ptolemaeum
792 1835 866 1855 recte
888 1835 1054 1856 censuerunt
1081 1831 1202 1856 nonnulli
1225 1831 1394 1857 recentiores
1418 1831 1484 1863 qui,
1512 1829 1617 1863 indigna

96 1870 271 1896 aemulatione
298 1870 413 1904 ductus,
438 1873 536 1906 papyri
567 1875 781 1906 exportationem
812 1877 971 1909 prohibuit;
997 1876 1064 1909 sed,
1090 1878 1130 1903 uti
1155 1879 1237 1910 vulgo
1263 1885 1314 1904 usu
1341 1878 1434 1908 venit,
1460 1877 1616 1904 illiberalem

99 1915 171 1942 illam
191 1917 400 1949 prohibitionem
420 1919 547 1945 infaustus
568 1926 682 1947 eventus
708 1927 872 1949 consecutus
903 1931 952 1950 est.
988 1925 1107 1956 Pergami
1132 1925 1203 1950 enim
1224 1925 1330 1950 chartae
1353 1925 1530 1956 Pergamenae
1551 1931 1617 1949 con-

101 1962 251 1989 tectionem
275 1964 453 1991 invenerunt=
474 1973 530 1999 quo
552 1966 651 1993 factum
675 1973 735 1999 est,
753 1975 783 1994 ut
803 1968 881 1995 brevi
901 1970 1074 1997 Bibliotheca
1097 1970 1205 2004 Regum
1225 1971 1406 1997 Attalicorum
1424 1969 1636 2010 incredibiliter,

101 2015 180 2036 aucta
204 2010 251 2036 sit.
285 2010 333 2038 Cf.
350 2011 467 2044 Plinius,
490 2012 563 2041 Hist.
579 2013 645 2042 Nat.
657 2013 734 2042 XIII.
753 2022 778 2042 c.
792 2020 837 2043 21.

957 2073 986 2105 C
