1930 2448
330 112 366 135 12
747 101 1094 132 GERARDI
1152 100 1397 132 DEDE'L

334 195 361 217 ta
385 187 472 217 millia
489 185 641 222 collegisse
663 191 690 214 et
713 193 827 222 sperare
851 185 935 221 sore,
957 191 990 214 ut
1014 193 1081 213 mox
1102 193 1249 213 numerum
1274 185 1309 213 ad
1333 185 1486 221 quingenta
1510 184 1598 214 millia
1621 191 1746 221 augeret.
1787 185 1841 215 Isi·
1883 190 1885 192 ’

332 239 420 267 dorus
445 246 512 266 vero
541 235 714 274 (Originum
732 236 786 266 VI.
812 237 860 273 3.)
890 237 974 265 habet
1005 245 1110 272 74:000.
1155 236 1237 264 Hanc
1267 235 1497 265 testimoniorum
1526 236 1717 265 diversitatem
1743 237 1841 266 conci-

331 289 398 317 liare
416 296 474 317 non
491 296 647 324 possumus
660 308 670 323 ,
691 287 746 316 nisi
768 296 908 324 ponamus
924 288 1116 317 Ptolemaeum
1137 288 1223 316 semel
1242 288 1404 323 iterumque
1425 287 1615 323 interrogasse
1640 287 1816 317 Demetrium
1828 298 1841 324 3

334 339 413 375 quod
445 347 511 367 sane
538 338 734 375 probabilitati
768 348 829 368 nonv
854 347 1006 376 repugnat.
1049 339 1106 368 Sed
1138 338 1267 375 quamvis
1299 347 1333 367 ex
1362 337 1531 367 auctoritate
1551 338 1670 374 Joscphi
1699 339 1842 376 conjicere

330 390 433 425 liceat,
453 389 629 418 Demetrium
647 398 775 427 500,000
795 389 935 419 librorum
951 390 1104 427 collegisse
1117 411 1128 426 ,
1158 398 1216 419 nou
1234 397 1328 418 tamen
1344 389 1566 426 praetereundus
1593 396 1637 418 est
1652 390 1734 418 locus
1749 390 1843 418 Euse-

331 441 371 469 bii
393 441 483 477 (24),
505 440 555 469 ubi
573 448 687 476 narrat,
707 448 835 477 tempore
853 441 1006 470 Ptolemaei
1023 441 1200 478 Philadelphi
1218 448 1333 471 centum
1354 440 1443 469 millia
1458 440 1597 468 librorum
1618 439 1648 468 in
1664 440 1843 470 Bibliotheca

332 493 448 522 inventa
464 492 568 522 fuisse.
589 492 736 521 Praeterea
753 492 776 521 si
792 499 951 528 teneamus,
963 499 1034 528 quot
1052 492 1210 529 scriptores
1224 492 1253 521 in
1270 492 1369 521 schola
1381 491 1570 520 Alexandrina
1585 497 1654 527 post
1663 491 1842 520 Demetrium

330 544 501 579 floruerint,
524 551 646 579 quorum
670 542 797 571 omnium
817 552 904 579 opera
922 543 984 572 siue
1000 543 1088 572 dubio
1111 543 1142 572 in
1167 543 1346 572 Bibliotheca
1368 542 1498 579 deposita
1517 549 1607 578 sunt,
1630 542 1655 571 si
1677 548 1845 578 teneamus,

334 603 438 632 quanta
464 595 551 624 fuerit
576 595 678 622 horum
705 594 882 630 scriptorum
909 594 1017 631 ingenii
1043 593 1224 622 foecunditas
1247 594 1347 631 (25),
1378 594 1428 623 vix
1455 594 1590 623 credibile
1615 600 1658 622 est
1685 594 1788 622 horum
1809 593 1845 622 li-

331 646 422 682 bros,
443 655 501 676 una
523 654 588 674 cum
612 645 648 673 iis
675 645 812 681 scriptis,
836 655 907 681 quae
929 652 997 682 post
1016 645 1196 674 Demetrium
1225 645 1344 673 collecta
1370 652 1457 681 sunt,
1484 645 1605 673 ducenta
1625 643 1714 673 millia
1733 650 1843 673 tanturn

333 697 472 726 effecisse.
521 697 646 725 Constat
677 705 770 732 vero,
801 696 1029 732 Bibliothecam,
1065 705 1123 733 quo
1161 703 1288 731 tempore
1316 695 1436 723 maxime
1461 696 1580 731 floruit,
1612 705 1727 732 700000
1754 694 1845 723 libros

335 748 525 777 continuisse.
568 747 599 776 Si
619 746 706 784 igitur
728 754 857 784 tempore
882 747 1021 776 Demetrii
1050 748 1106 785 Jam
1132 755 1247 783 500000
1269 746 1338 776 libri
1363 746 1404 777 ibi
1431 753 1549 782 esseut,
1571 755 1687 775 200000
1704 745 1847 774 librorum

332 799 537 828 incrementum
555 807 608 835 per
626 804 779 835 sequentes
806 798 1045 827 Bibliothecarios
1068 798 1193 835 cepisset
1214 799 1319 836 (26).

372 849 523 888 Quidquid
550 849 588 879 sit
616 850 650 878 de
673 858 794 878 nurnero
818 850 979 886 librorum,
1008 857 1154 886 quotquot
1174 849 1413 885 acquirebantur,
1435 849 1465 879 in
1493 849 1618 878 Bruchio
1643 848 1845 885 ponebantur,

333 901 384 930 ubi
405 900 607 930 Grammaticis
633 907 661 929 et
679 901 797 938 poetis,
824 901 853 930 in
874 900 982 931 Museo
1006 901 1093 930 vitam
1115 901 1305 938 degentibus,
1327 908 1443 938 praesto
1470 907 1560 929 erant.
1600 900 1784 936 Demetrius,
1812 906 1847 932 ut

334 954 390 989 jam
412 952 555 986 diximus,
576 952 692 980 illorum
718 960 813 980 curam
842 952 975 982 habebat.
1017 953 1074 981 Sed
1097 961 1161 981 cum
1186 953 1368 981 Ptolemaeus
1392 952 1465 989 Lagi
1491 951 1569 980 filius
1591 958 1724 980 mortuus
1751 957 1848 988 esset,

335 1009 363 1031 et
387 1002 592 1038 Philadelphus
618 1011 736 1039 regnum
759 1011 950 1040 occupasset,
981 1004 1027 1032 hic
1055 1003 1236 1033 Demetrium
1259 1004 1326 1032 odio
1356 1012 1557 1040 persequens,
1589 1003 1667 1038 quod
1689 1001 1763 1038 patri
1784 1009 1850 1030 sua-

334 1054 420 1083 sisset
443 1061 475 1082 ut
502 1062 619 1090 regnum
645 1062 705 1082 non
727 1053 782 1082 sibi
810 1055 862 1083 sed
877 1055 964 1091 filiis,
996 1064 1072 1092 quos
1097 1064 1131 1084 ex
1151 1054 1297 1091 Eurydice
1322 1061 1510 1089 susceperat,
1533 1053 1708 1089 relinqueret
1729 1052 1841 1089 (27),

333 1104 414 1134 illum
433 1105 463 1134 in
482 1104 614 1133 exsiIIum
636 1104 726 1134 misit.
769 1105 826 1134 Sed
847 1106 978 1142 quamvis
995 1106 1202 1136 Bibliothecam
1221 1105 1367 1143 praefecto
1384 1105 1545 1142 orbaverit,
1567 1105 1658 1142 ipsam
1677 1109 1771 1133 tamen
1789 1111 1849 1132 non

1802 1161 1852 1183 ne·

334 1245 451 1270 censeo,
472 1240 504 1266 P.
521 1238 554 1266 E.
574 1239 605 1265 L.
619 1239 696 1267 VIII.
715 1248 740 1267 c.
756 1249 782 1268 2.
800 1242 893 1274 partim
909 1241 1054 1273 librarios,
1074 1241 1220 1275 Josephum
1239 1248 1271 1266 ex
1289 1248 1321 1266 eo
1339 1240 1413 1266 fonte
1429 1245 1643 1271 corrumpentes.
1678 1238 1763 1264 Certe
1783 1238 1851 1263 ratio

335 1285 443 1316 suadet,
465 1287 594 1319 χιλιάέας
608 1287 812 1319 praeferendum
836 1295 905 1315 esse.
941 1288 1008 1320 Quis
1030 1289 1099 1313 enim
1128 1287 1219 1313 credat
1240 1295 1284 1314 aut
1304 1294 1397 1319 regern
1419 1287 1445 1311 in
1471 1287 1534 1318 ipsis
1562 1285 1742 1311 bibliothecae
1766 1284 1850 1310 Initiis

335 1333 518 1364 quaesivisse,
538 1340 603 1365 quot
623 1334 754 1359 librorum
774 1335 897 1367 myriades
912 1335 961 1367 jam
985 1336 1113 1360 collectae
1135 1341 1242 1365 essent.;
1261 1340 1305 1359 aut
1316 1353 1328 1365 ,,
1348 1340 1376 1359 ea
1400 1332 1551 1365 praesertim
1576 1337 1675 1362 aetate,
1703 1337 1801 1356 tantum
1821 1331 1854 1356 li·

334 1377 443 1404 brorum
470 1387 605 1405 numerum
629 1382 728 1412 exigno
755 1383 883 1414 temporis
910 1382 995 1414 spatio
1018 1382 1182 1415 comportari
1207 1381 1351 1414 potuisse?
1386 1380 1446 1405 Nec
1472 1385 1569 1404 tantum
1598 1378 1646 1403 ista
1676 1377 1851 1402 correctione

336 1426 422 1449 onmia
437 1426 574 1456 Aristeae,
593 1427 650 1452 sive
662 1426 783 1461 Josephi‚
802 1434 860 1453 curn
879 1429 990 1460 reliquis
1008 1428 1182 1459 auctoribus,
1201 1432 1300 1453 tantum
1319 1426 1400 1450 millia
1415 1425 1546 1450 librorum
1564 1423 1594 1449 ad
1612 1431 1740 1449 summum
1753 1428 1853 1448 memo·

336 1472 469 1502 rantibus,
488 1480 574 1505 pugna
595 1474 716 1504 tollitur,
744 1474 791 1499 sed
817 1475 893 1500 mirus
921 1476 998 1500 etiam
1025 1475 1094 1500 inter
1115 1474 1222 1499 eosdem
1251 1480 1278 1498 et
1302 1472 1480 1505 Epiphanium
1504 1471 1523 1497 1.
1543 1471 1562 1498 l.
1580 1476 1727 1496 cousensus
1752 1467 1852 1500 depfe·

336 1517 473 1544 henditur.
510 1519 553 1543 Sic
575 1520 644 1544 enim
666 1520 808 1551 Epiphanii
830 1521 906 1545 locus
935 1521 1087 1546 continebit
1108 1521 1188 1546 verba
1206 1519 1339 1545 Demetrii
1367 1517 1506 1547 Phalerei,
1533 1517 1693 1549 promissum
1717 1515 1750 1540 de
1774 1515 1853 1547 quin-

337 1564 459 1594 quaginta
489 1564 617 1589 librorum
641 1565 754 1589 millibus
781 1566 860 1590 brevi
879 1572 999 1598 tempore
1018 1565 1196 1598 colligendis,
1215 1565 1287 1598 quod
1305 1564 1361 1596 regi
1385 1563 1469 1595 prima
1493 1563 1554 1586 vice
1572 1561 1709 1594 quaerenti
1726 1560 1851 1592 fecerat,

336 1616 405 1634 nunc
423 1608 473 1640 jam
494 1610 632 1640 impletum
652 1618 707 1636 esse
731 1611 913 1643 significantis.
949 1611 983 1639 H.

371 1654 454 1688 (24)
473 1654 532 1680 Vid.
554 1657 670 1687 Euseb.,
690 1657 791 1683 Clu-ou.
809 1666 835 1690 p.
853 1659 895 1683 62.
917 1659 1019 1690 Georg.
1039 1659 1156 1690 Syncell.
1175 1666 1202 1691 p.
1218 1664 1278 1690 273.
1298 1664 1324 1683 et
1341 1660 1463 1682 auctores
1488 1660 1500 1678 a
1521 1654 1656 1684 Bonamyo
1679 1653 1785 1679 citatos.

372 1700 454 1733 (25)
482 1703 522 1727 De
551 1703 705 1728 incredibili
728 1702 932 1734 foecunditate,
959 1712 1008 1736 qua
1027 1706 1151 1738 plerique
1171 1711 1295 1730 auetorcs
1314 1700 1490 1729 Alexandrini
1515 1701 1598 1725 libros
1622 1704 1852 1731 composuerunt,

338 1747 400 1772 vide
419 1755 483 1780 quae
498 1747 577 1774 habet
593 1749 722 1774 Matterus
735 1769 742 1780 ‚
758 1751 782 1774 in
803 1758 847 1782 op.
865 1750 970 1782 saepius
990 1750 1111 1781 laudato,
1126 1752 1186 1777 Vol.
1200 1752 1221 1778 l.
1240 1758 1318 1783 p.92.
1336 1747 1514 1775 Callimachus
1534 1747 1601 1777 800,
1618 1751 1662 1770 aut
1682 1746 1768 1778 plures
1787 1744 1854 1769 scri-

339 1794 392 1825 psit
412 1794 521 1827 (suidas
535 1801 560 1819 et
580 1795 735 1822 Falanssibl.
750 1797 798 1821 Gr.
813 1796 862 1822 ΙΙΙ.
882 1804 906 1822 e.
926 1804 965 1826 19-
982 1797 1005 1829 ξ.
1017 1798 1069 1829 2.).
1087 1796 1218 1828 Didymus
1233 1797 1411 1830 χαλκέυτερος
1421 1802 1487 1827 4000
1498 1794 1581 1818 libros
1600 1792 1780 1824 conscripsit,
1797 1797 1852 1817 etc.

373 1839 386 1871 (
401 1840 459 1873 26)
478 1841 507 1865 ln
527 1843 701 1873 computando
719 1844 844 1868 llbloruln
863 1850 977 1867 numero
995 1842 1188 1868 observandum
1205 1850 1260 1872 est,
1277 1849 1397 1873 magnum
1414 1842 1543 1866 interesse
1563 1837 1706 1864 discrimen
1724 1838 1789 1863 inter
1805 1843 1852 1862 ve-

340 1890 425 1910 terum
445 1887 574 1912 librorum
596 1895 622 1913 et
637 1896 787 1914 nostrorum
806 1890 936 1915 rationem.
973 1889 1098 1914 Solebant
1123 1890 1188 1914 enim
1207 1889 1245 1914 illi
1263 1896 1307 1914 sua
1327 1894 1410 1921 opera
1428 1888 1463 1913 ita
1484 1887 1508 1911 in
1527 1887 1612 1910 lucem
1628 1882 1756 1916 prodere,
1776 1889 1804 1908 et
1822 1883 1848 1907 in

339 1931 515 1957 bibliothecas
544 1940 695 1965 reponere,
714 1943 742 1961 ut
767 1937 923 1968 plerumque
948 1936 1045 1967 singuli
1070 1935 1200 1967 cujusque
1223 1935 1315 1967 operis
1339 1935 1420 1964 libri,
1444 1933 1485 1957 vel
1507 1932 1623 1963 singulae
1645 1930 1778 1954 sectiones
1798 1929 1852 1954 siu-

341 1978 409 2008 gulis
435 1979 614 2004 voluminibus
637 1982 849 2008 continerentur.
894 1980 961 2006 Vidz
984 1982 1092 2007 (mnino
1111 1988 1176 2014 quae
1202 1980 1235 2005 de
1261 1980 1301 2005 his
1327 1977 1406 2006 habet
1427 1979 1523 2007 celeb.
1543 1979 1664 2008 lleeren,
1685 1975 1786 2002 Geseh.
1805 1973 1852 2000 des

327 2022 418 2049 ⁴Stud.
438 2022 484 2048 der
507 2026 591 2052 Class.
612 2027 677 2052 Litt.
697 2028 716 2053 Ι.
736 2036 760 2059 p.
781 2028 811 2053 28
826 2046 832 2054 .
852 2034 894 2058 29.
1707 2030 1710 2033 .

376 2068 461 2104 (27)
486 2071 603 2103 Diogen.
628 2073 716 2100 Laert.
734 2073 767 2100 V.
792 2081 872 2106 segm.
888 2075 932 2106 78·
