1930 2448
375 101 699 133 COMMENTATIO
730 109 774 130 An
807 100 1114 140 QUAESTIONEM
1144 100 1368 134 PHYSICAM·
1591 112 1630 141 53

118 189 210 220 netica
236 196 271 217 ex
298 187 393 224 priore
420 186 608 224 percussione
633 193 694 216 orta
721 186 806 214 hacce
836 184 935 213 ultima
958 185 1105 214 debuisset
1131 185 1241 223 deleri3
1274 186 1325 215 sed
1351 186 1426 216 actio
1456 186 1627 223 posterioris

114 239 317 270 commotionis
342 245 451 268 tantum
476 247 569 275 usque
597 239 631 267 ad
659 238 748 267 lineas
782 237 822 265 11<
850 244 877 266 et
901 236 964 265 LM
995 239 1092 266 locum
1124 238 1231 274 habet,
1264 238 1302 267 ira
1326 245 1356 267 ut
1385 245 1480 275 partes
1509 237 1605 276 IRQP
1623 259 1634 275 ,

115 292 228 322 KROC
251 297 278 320 et
297 289 415 320 NDMS
438 289 588 326 polaritate
611 289 720 318 boreali
738 288 876 325 gaudeant
890 309 899 323 ,
922 294 1017 324 partes
1036 288 1171 327 LMQP,
1194 289 1292 319 BORI
1314 297 1342 319 et
1362 291 1469 319 ANSL
1492 290 1628 328 polan-ita-

113 351 142 373 te
169 342 294 372 australi.
337 341 367 370 Si
389 350 465 370 nunc
487 348 554 377 post
580 340 704 376 priorem
732 333 947 375 percussionem
970 341 1064 369 {luxus
1089 350 1187 370 revera
1214 343 1344 371 laminam
1366 343 1575 372 circumdarent
1597 345 1627 374 in

113 395 209 424 curvis
229 393 354 428 clausis,
377 394 451 422 inter
475 401 505 421 se
537 392 702 428 parallelis,
733 398 759 419 et
787 390 999 427 concentriciS,
1022 393 1109 420 altera
1134 393 1321 428 percussione
1351 403 1439 429 quum
1466 404 1566 424 omnes
1587 382 1627 425 si-

113 447 173 474 mul
199 451 383 479 secarentur,
407 443 499 472 omnis
529 452 627 472 eorum
647 443 722 471 aetio
748 443 866 472 delenda
889 442 984 472 foret:
1009 445 1058 472 sed
1081 445 1137 473 hoc
1159 454 1219 474 non
1242 445 1293 481 fit3
1317 454 1412 481 partes
1442 448 1515 476 enim
1535 448 1631 479 BCKI

113 503 141 524 et
160 495 300 531 ADML,
323 502 400 523 extra
424 494 513 523 lineas
539 495 580 523 iK
602 501 629 522 et
649 493 710 522 LM
733 494 801 523 sitas
815 515 826 531 ,
848 494 1028 531 polaritatem
1049 495 1222 531 primitivam
1241 496 1374 526 retinent.
1425 498 1518 527 Facile
1537 508 1630 529 autem

113 549 169 577 hoc
195 548 413 584 phaenomenon
436 546 595 582 explicatur
618 547 808 584 supponendo
834 547 928 577 fluxus
951 554 1051 577 omnes
1079 547 1199 577 laminae
1223 550 1378 577 moleculas
1403 549 1579 579 circumdare
1603 552 1634 581 in·

72 607 80 617 ³
112 598 204 636 planis
229 598 418 627 circularibus
442 597 633 626 concentricis
656 604 683 626 et
708 597 873 634 parallelis,
897 605 966 627 tunc
983 598 1056 628 enim
1075 600 1225 635 percussio
1251 601 1416 637 posterior,
1441 611 1513 637 quae
1535 603 1630 632 minus

111 650 198 680 fortis
220 657 263 679 est
289 659 373 686 quam
400 649 501 685 prior,
524 656 618 686 partes
640 649 752 679 ABON
774 656 802 679 et
824 649 940 679 CDNO
970 657 1080 679 tantum
1109 652 1211 687 partim
1237 659 1337 688 secat,
1361 660 1389 682 et
1412 660 1504 682 totum
1531 664 1631 683 eorum

112 702 244 731 effectum
269 702 364 730 delere
389 710 448 732 non
472 702 589 738 potuit,
622 701 671 730 sed
698 700 790 731 omnis
811 702 953 745 'polaritas
976 702 1122 739 primitiva
1143 703 1172 733 in
1192 704 1343 735 molecuh‘s
1371 706 1459 742 partis
1487 706 1582 736 BCKI
1604 714 1633 737 et

110 753 230 784 ADML
251 760 388 785 remanet.

147 804 246 847 Magis
270 804 357 840 igitur
376 813 442 833 cum
467 804 641 841 experientia
666 804 735 834 haec
761 806 928 842 suppositio
947 808 1103 839 convenire
1126 816 1264 846 apparet:
1287 815 1315 838 et
1340 809 1412 843 nihil
1430 810 1546 847 obstat,
1570 820 1628 848 quo

111 856 207 885 minus
230 855 307 883 illam
332 855 413 884 aliam
441 856 623 893 rejiciamus;
645 856 716 885 nihil
740 857 812 885 enim
841 858 869 886 in
891 857 1040 890 effectibus
1065 861 1113 890 illa
1138 861 1366 890 consideratione
1395 869 1541 898 mutatur,
1564 872 1629 892 nam

112 910 191 946 quod
211 910 246 938 de
263 916 327 939 toto
345 909 483 946 Magnete
500 909 645 945 diximus,
667 919 744 939 nunc
769 911 804 939 de
830 912 951 948 singulis
973 913 1034 949 ejus
1057 913 1209 942 rnoleculis
1237 922 1337 942 verum
1363 921 1418 943 est.
1463 916 1530 951 Ipse
1555 924 1629 950 quo-

113 970 170 997 que
194 961 261 991 Cel.
279 961 406 998 Ampere
427 961 492 989 huic
511 961 669 998 hypothesi
693 962 868 997 adsentitur,
893 969 921 991 et
942 962 1031 991 credit
1056 963 1168 998 quidem
1185 965 1241 1000 jam
1265 972 1330 993 ante
1353 964 1628 1002 Magnetisationem

109 1014 206 1042 fluxus
230 1013 339 1041 circum
362 1012 481 1041 laminae
505 1013 660 1041 moleculas
688 1012 823 1050 prodire3
846 1014 895 1042 sed
922 1013 1056 1050 quoniam
1084 1025 1159 1045 unus
1186 1017 1263 1052 hoc,
1285 1017 1356 1045 alter
1377 1017 1428 1044 illo
1449 1025 1536 1046 sensu
1562 1027 1630 1053 pro-

108 1064 194 1100 fluit,
216 1065 328 1093 nullum
351 1062 417 1092 inde
443 1063 575 1091 effectum
603 1063 671 1092 oriri
693 1073 803 1100 posse,
834 1064 884 1100 qui
907 1065 994 1102 igitur
1017 1074 1126 1096 tautum
1149 1068 1317 1105 apparebit,
1341 1069 1454 1105 quando
1484 1069 1631 1106 lvlagneti=

106 1116 219 1146 satione
239 1116 333 1144 fluxus
360 1124 460 1144 omnes
489 1115 517 1144 in
541 1116 637 1144 eadem
658 1116 817 1145 directione
842 1117 958 1153 prodire
978 1126 1136 1155 coeperunt
1162 1120 1246 1157 (7).

146 1168 225 1197 Haec
250 1173 314 1203 est,
343 1167 408 1195 Viri
432 1166 610 1196 Clarissimi!
631 1168 834 1198 commentatio
859 1177 920 1198 mea
941 1170 976 1198 ad
998 1170 1203 1208 Quaestionem
1228 1170 1430 1209 propositam,
1452 1181 1485 1201 ex
1509 1173 1556 1202 illa
1574 1182 1629 1209 ap·-

105 1218 206 1257 paruit
226 1217 365 1247 theoriam
391 1219 561 1255 praeclaram
591 1220 655 1248 Cel.
676 1220 805 1257 Ampere
828 1219 889 1248 fere
919 1221 993 1250 nihil
1019 1222 1098 1251 aliud»
1125 1223 1182 1252 nisi
1212 1224 1389 1261 hypothesin
1416 1234 1497 1261 esse,
1527 1227 1630 1255 inultis·

109 1269 310 1307 experimentis
340 1270 454 1305 quidem
481 1271 717 1307 corroboratam,
740 1272 944 1300 Mathematica
970 1280 1065 1302 tamen
1094 1275 1265 1305 certitudine
1290 1276 1477 1313 indigentem.
1520 1277 1575 1305 Sed
1602 1278 1626 1305 si

107 1330 208 1350 omnes
225 1321 313 1358 hujus
333 1321 444 1357 generis
465 1321 647 1351 inventiones
666 1322 695 1351 in
708 1312 842 1359 Physicis
866 1326 1072 1360 exploremus,
1094 1326 1258 1355 invenimus
1275 1327 1335 1355 fere
1356 1336 1454 1356 omnes
1473 1328 1554 1356 initio
1572 1329 1626 1364 hy-

109 1374 245 1411 potheses
265 1373 380 1403 minime
396 1380 488 1402 certas
505 1373 615 1409 fuisse,
632 1383 731 1403 verum
746 1375 848 1404 deinde
864 1382 932 1411 post
951 1377 1058 1404 multos
1084 1368 1197 1405 labores
1217 1386 1325 1413 eosque
1343 1379 1526 1415 gravissimos
1545 1380 1625 1409 Doc-

108 1432 204 1454 torum
223 1424 362 1453 Virorum
388 1426 472 1461 plane
495 1425 703 1454 demonstratas
732 1425 823 1455 fuisse
848 1434 934 1463 atque
958 1434 1050 1456 certas
1072 1428 1208 1458 evasisse.
1252 1429 1325 1458 Tale
1349 1430 1421 1458 enim
1446 1429 1501 1458 fuit
1524 1430 1626 1460 inven—

107 1479 198 1508 tionis
221 1480 380 1515 praeclarae
404 1478 547 1507 Newtoni
567 1478 678 1515 fatum3
701 1481 756 1508 tale
783 1479 896 1508 initium
914 1479 1036 1508 habebat
1054 1487 1179 1515 systema
1202 1479 1274 1509 illud
1298 1480 1478 1517 Copernici,
1502 1481 1552 1517 qui
1571 1481 1627 1509 ho-

107 1529 216 1558 minum
243 1529 478 1566 superstitionem
502 1537 588 1566 atque
612 1530 803 1568 praejudicia,
828 1538 858 1559 et
884 1531 1091 1559 monachorum
1119 1533 1290 1566 potestatem
1323 1539 1409 1567 atque
1441 1532 1626 1561 fanatismum

109 1589 304 1618 oppugnans,
326 1583 419 1610 lucem
442 1582 518 1610 illam
543 1582 574 1611 in
597 1582 786 1611 Astronornia
810 1583 916 1619 edidit,
940 1591 997 1618 qua
1014 1590 1090 1610 nunc
1110 1582 1201 1611 adhuc
1219 1582 1350 1617 fruimur,
1392 1583 1432 1612 Et
1450 1592 1534 1619 quare
1552 1583 1625 1612 idem

106 1640 166 1662 non
192 1640 292 1668 posset
325 1632 388 1661 fieri
413 1633 446 1661 cle
473 1633 629 1668 hypothesi
657 1635 723 1663 Cel.
745 1635 902 1671 Ampere?
947 1634 977 1662 Si
1005 1634 1092 1672 hujus
1124 1634 1297 1663 Doctissimi
1326 1635 1390 1664 Viri
1415 1636 1555 1665 sententia
1589 1636 1633 1664 sit

107 1683 199 1718 falsa,
219 1682 341 1712 fortasse
365 1683 448 1712 brevi
465 1684 592 1721 jacebit,
617 1685 641 1713 si
667 1692 767 1714 contra
793 1685 830 1714 sit
848 1694 914 1714 vera
939 1693 1026 1721 atque
1044 1694 1161 1714 naturae
1181 1686 1259 1714 omni
1278 1695 1311 1714 ex
1330 1694 1411 1722 parte
1428 1687 1630 1723 conveniens,

107 1734 187 1764 vivet
209 1740 237 1763 et
260 1735 293 1764 ab
319 1735 455 1765 omnibus
478 1735 649 1772 recipietur:
672 1745 740 1765 vera
761 1736 835 1765 enim
858 1743 927 1766 sunt
946 1736 1033 1765 verba
1059 1736 1171 1773 egregia
1199 1736 1349 1766 Ciceronis

533 1818 704 1857 Opinionum
731 1825 885 1847 commenta
904 1818 977 1848 delet
998 1818 1056 1848 dics
1068 1839 1077 1853 ,
1098 1818 1238 1847 Naturae
1251 1819 1369 1857 judicia*
1385 1819 1552 1856 confirmas

135 1948 159 1982 -(
167 1948 208 1983 7)
230 1948 282 1976 Cf.
295 1949 394 1984 Expose
410 1955 459 1977 etc.
488 1950 520 1985 ς.
531 1956 578 1983 90.

841 2063 899 2119 Q
