1930 2448
433 106 660 140 RESPONSIO
690 118 734 139 an
767 106 1076 148 QUAESTIONEM
1093 108 1334 149 JURID'ICAM.
1605 124 1641 149 45

134 203 196 224 esse
220 194 381 223 videantur.
423 193 488 231 Qua
509 193 538 222 in
563 202 593 221 re
610 194 732 222 multum
759 194 840 222 etiam
864 193 1063 230 superioribus
1087 194 1271 230 antecelluit,
1303 201 1425 229 quorum
1446 195 1567 230 nullus,
1588 196 1643 223 nisi

134 246 211 275 forte
238 245 387 275 pithoeum
412 244 559 281 excipias,
587 253 685 273 omnes
719 246 795 281 leges
827 245 1025 281 probabilibus
1053 246 1187 275 formulis
1212 245 1358 282 concepit.
1407 245 1517 283 Quanti
1550 254 1643 274 autem

132 296 271 326 momenti
289 296 346 330 sit,
368 302 400 323 ut
417 296 512 332 legum
535 304 594 324 non
618 295 774 324 sententiae
796 302 926 332 tantum,
949 306 1048 325 verum
1071 305 1099 326 et
1122 298 1210 326 verba
1231 297 1432 332 inveniantur,
1455 297 1560 332 cuique
1580 307 1643 333 per-

131 347 263 383 spicuum
290 347 363 381 erit,
387 346 452 382 quia
478 347 507 375 in
532 346 665 375 omnibus
690 346 801 383 legibus
819 356 834 375 a
851 347 966 382 verbis⁷
990 349 1094 383 quibus
1118 357 1267 384 expressae
1287 355 1376 382 sunt,
1399 348 1534 376 maximae
1560 358 1645 384 quite.

132 398 243 427 stiones
272 397 340 426 oriri
370 399 475 426 solent.
534 398 622 435 Quod
651 399 697 426 vel
718 399 837 425 maxime
859 398 889 426 in
913 399 968 426 XII
992 399 1090 428 Tabb.
1119 399 1244 427 accidere
1271 399 1426 434 debuisse,
1455 400 1639 435 perspicuum

133 456 198 485 est,
219 449 250 478 in
271 449 396 485 quibus,
421 449 542 485 singulis
560 448 675 483 verbis,
696 455 815 484 propter
835 448 910 477 illam
933 449 1075 486 cognitam
1098 449 1284 485 brevitatem,
1307 459 1390 486 saepe
1409 450 1533 479 inclusas
1554 450 1644 479 fuisse

134 500 260 537 integras
286 500 440 528 sententias
461 499 531 536 JCti
555 498 733 534 insequentis
756 500 895 536 temporis
919 501 1090 530 docuerunt.
1131 501 1176 529 Ne
1203 509 1295 530 tamen
1317 503 1439 543 lectores
1462 501 1491 531 in
1519 511 1642 531 errorem

137 553 331 586 ducerentur,
355 559 428 586 quae
447 550 572 587 legitima
596 557 691 579 essent
714 550 824 586 verba,
843 560 874 580 ea
898 552 1058 581 charactere
1081 553 1240 590 majusculo
1265 552 1406 589 exprimi,
1432 561 1459 582 et
1483 563 1498 582 a
1526 554 1643 582 caeteris

132 602 271 640 distingui
292 601 413 631 curavit.
1636 608 1639 609 γ

169 654 231 692 Jam
250 654 338 691 igitur
362 655 442 690 quod
464 654 557 691 primo
576 655 641 683 loco
663 645 785 684 diximus
802 655 1036 692 Gofflofredum,
1065 665 1127 685 cum
1154 663 1296 686 exstarent
1320 658 1405 687 verba
1425 658 1550 694 legitima
1572 658 1648 694 apud

133 713 290 741 auctores,
315 713 346 733 ea
364 705 560 741 expressisse,
580 706 629 735 vix
650 707 821 742 probatione
846 716 927 744 egere
946 707 1078 736 videtur:
1103 715 1146 736 tot
1170 708 1243 737 enim
1270 716 1337 738 sunt
1363 711 1424 746 ejus
1454 709 1494 737 rei
1521 711 1647 744 exempla

133 764 167 786 ut
193 767 223 786 v.
247 766 275 785 c.
301 758 380 793 leges
403 756 433 784 in
456 757 470 785 I
488 756 565 786 Tab.
588 757 722 794 legitimis
752 758 847 787 verbis
872 767 906 786 ex
937 758 1106 794 antiquitate
1132 768 1281 795 expressas
1315 769 1377 789 esse
1399 760 1460 788 fere
1486 768 1584 788 omnes
1608 759 1648 787 di-

133 817 252 843 camus,
275 808 300 836 si
326 807 437 836 unicam
464 809 556 845 legem
580 809 732 837 secundam
758 811 782 837 si
804 810 910 845 casici,
932 811 982 847 qai
1005 811 1036 838 in
1053 810 1104 846 jas
1127 817 1255 839 vocatam
1281 817 1352 839 caet.
1382 817 1410 839 et
1435 811 1582 847 sequentis
1609 812 1648 839 le-

135 859 178 896 gis
204 859 294 895 prima
317 858 410 892 verba}
432 858 500 887 endo
526 860 576 888 via
602 859 802 895 excipiamus3
833 868 951 895 quarum
975 860 1022 888 hic
1054 862 1147 897 legum
1172 862 1259 890 verba
1289 862 1324 890 ad
1348 861 1534 891 imitationem
1558 869 1648 890 caete-

134 919 232 938 rorum
250 909 324 939 bene
346 910 499 947 expressit.
552 909 667 948 Quanta
687 919 756 939 vero
778 919 845 939 cura
870 917 898 939 et
924 919 1006 946 quam
1033 912 1142 948 egregie
1172 911 1202 940 in
1229 912 1264 941 iis
1290 913 1402 949 legibus
1416 933 1426 948 ,
1448 921 1565 948 quarum
1586 920 1647 940 tau-

133 969 194 990 tum
218 968 340 990 mentem
365 969 400 989 ex
421 961 548 997 antiquis
570 961 762 990 monumentis
783 961 926 992 conficere
949 962 1041 997 licet,
1061 962 1147 991 verba
1167 963 1196 992 in
1224 964 1311 992 Festo
1332 963 1530 999 antiquissima
1556 970 1584 991 et
1607 964 1648 991 le-

136 1012 233 1049 gitima
252 1021 350 1041 eruere
371 1021 491 1042 conatus
517 1013 575 1048 sit,
597 1012 670 1041 inter
692 1013 746 1041 alia
764 1013 894 1048 exemplo
919 1012 956 1040 sit
976 1014 1039 1041 lex:
1066 1014 1091 1040 si
1115 1023 1142 1041 se
1166 1014 1219 1042 telo
1245 1013 1384 1050 defensint
1404 1016 1564 1051 quir-itata,
1585 1014 1650 1042 EN·

131 1071 350 1092 -DOPLORAToz
381 1072 465 1099 quam
495 1072 596 1092 vocem
626 1072 660 1091 ex
692 1063 780 1091 Festo
812 1062 842 1091 in
870 1070 943 1092 voce
972 1062 1022 1093 sab
1051 1071 1098 1093 νος
1127 1064 1182 1092 huc
1215 1065 1359 1101 pertinere
1387 1065 1492 1099 docet,
1523 1065 1588 1100 quia
1609 1065 1647 1093 ira

131 1114 208 1150 apud
230 1114 346 1141 Festum
369 1120 401 1141 ut
427 1113 457 1142 in
479 1113 591 1150 legibus
609 1113 636 1142 T
633 1112 822 1151 ransquedato
849 1120 877 1143 et
897 1113 1019 1151 endoque
1033 1115 1167 1152 plorato,·
1195 1116 1277 1152 cujus
1303 1116 1385 1144 vocis
1410 1115 1647 1152 significationem

133 1173 196 1193 esse
227 1173 290 1192 cum
313 1165 471 1201 quaestione
499 1165 679 1200 inclamare,
710 1165 795 1193 docet
823 1164 878 1192 alio
903 1166 970 1193 loco
995 1164 1024 1193 in
1050 1174 1122 1194 voce
1153 1166 1342 1204 eadoplorato.
1383 1167 1430 1195 Ex
1461 1175 1519 1202 quo
1549 1167 1647 1195 eodem

131 1218 198 1245 loco
223 1214 319 1244 verbo*
338 1213 543 1251 transqztedato
563 1215 656 1244 utitur
675 1215 706 1244 in
720 1217 789 1251 glege
808 1215 839 1244 in
867 1215 947 1245 Tab.
964 1215 1018 1244 VI.
1042 1225 1085 1244 ros
1109 1216 1227 1245 vendita
1256 1224 1312 1246 etc.
1355 1217 1511 1255 Quomodo
1536 1218 1566 1246 in
1586 1219 1649 1254 lege

132 1266 183 1295 illa
211 1266 292 1302 signa
313 1264 478 1303 quaudoque
507 1272 609 1303 sarpta
631 1265 714 1294 donec
741 1265 836 1294 demta
863 1273 949 1295 erunt
973 1266 1122 1296 vindicare
1147 1268 1205 1305 Jus
1233 1275 1287 1298 esto
1316 1268 1393 1298 Tab.
1413 1269 1469 1297 VI.
1500 1278 1534 1297 ex
1560 1270 1646 1297 Festo

133 1315 269 1352 legitimis
302 1315 460 1345 restituerit
497 1317 617 1353 verbis,
649 1326 736 1353 supra
764 1318 821 1354 jain
855 1317 1004 1346 docuimus
1024 1339 1034 1353 ‚
1070 1327 1141 1353 quae
1175 1325 1267 1347 tamen
1302 1319 1380 1348 Festi
1421 1321 1508 1349 verba
1541 1322 1648 1349 multos

132 1366 244 1403 fugisse
267 1366 412 1396 videntur.
454 1367 501 1396 Sic
526 1377 643 1404 quoque
668 1367 779 1405 egregie
803 1376 838 1396 ex
859 1369 946 1397 Festo
971 1371 1058 1398 verba
1082 1376 1189 1398 erctum
1211 1372 1298 1398 citum
1326 1370 1425 1399 retulit
1451 1371 1485 1400 ad
1511 1372 1590 1407 leges
1613 1371 1646 1399 do

133 1417 290 1446 nominibus
315 1410 392 1446 iriter
415 1418 548 1448 haeredes
568 1426 620 1457 pro
640 1418 816 1456 portionibus
843 1418 1048 1447 haereditariis
1075 1420 1252 1450 dividunda.
1303 1421 1483 1458 Quamquam
1510 1431 1579 1451 vero
1608 1422 1647 1450 ita

133 1469 277 1505 egregium
304 1470 364 1506 ejus
391 1469 517 1499 dicamus
543 1469 625 1498 etiam
654 1471 707 1499 hac
730 1471 760 1500 in
789 1476 869 1506 parte
899 1471 1048 1506 laborem,
1079 1472 1214 1507 quaedam
1241 1479 1333 1501 tamen
1361 1479 1506 1502 auctorem
1539 1473 1648 1509 fugisse

132 1519 283 1555 videntur,
309 1529 380 1555 quae
405 1521 535 1557 inprimis
561 1527 691 1557 spectant
716 1522 773 1550 duo
800 1521 869 1549 haec
893 1521 979 1550 verba
994 1521 1210 1559 paterfamilias
1233 1530 1261 1552 et
1282 1530 1422 1562 praetor,
1451 1520 1532 1560 quae'
1548 1533 1648 1560 perpe-

133 1579 190 1599 ram
209 1572 245 1600 ad
268 1571 324 1600 XII
343 1571 441 1600 Tabb.
463 1574 550 1601 relata
576 1581 638 1601 esse
658 1572 780 1609 probare
800 1571 978 1600 conabimur.
1027 1573 1138 1601 Vocem
1166 1573 1239 1602 enirn
1260 1573 1475 1611 paterfamilias
1497 1583 1647 1611 perperam

138 1622 169 1651 in
193 1622 248 1652 XII
273 1622 370 1651 Tabb.
403 1629 430 1650 et
459 1623 572 1658 quidem
598 1622 628 1652 in
654 1624 717 1659 lege
740 1623 830 1659 prima
851 1623 879 1651 T
882 1622 928 1652 ab.
947 1623 994 1652 V..
1011 1624 1176 1652 adhibuisse
1196 1624 1412 1654 Gothofredum
1441 1633 1468 1655 et
1492 1627 1563 1655 alios
1588 1629 1648 1656 col-

133 1674 257 1701 lectores
282 1673 393 1709 egregie
417 1674 502 1702 docet
523 1674 573 1702 Cl.
596 1673 658 1702 Erb
679 1673 780 1710 (21).
823 1673 914 1702 Recte
940 1673 1011 1702 enim
1038 1681 1135 1703 monet
1170 1674 1216 1703 vir
1241 1676 1320 1705 Clar.
1350 1676 1381 1705 in
1405 1677 1537 1705 fontibus
1561 1678 1647 1714 hujus

134 1723 206 1760 legis
236 1724 312 1759 apud
336 1724 430 1761 JCtos
456 1724 528 1752 hanc
553 1732 654 1753 vocem
686 1733 746 1753 non
773 1723 876 1761 adjici,
905 1730 938 1752 ut
962 1733 994 1752 v.
1015 1733 1045 1755 c.
1071 1733 1129 1753 non
1157 1725 1322 1754 continetur
1350 1728 1417 1755 loco
1453 1727 1646 1763 Ulpiani·XI.

137 1782 191 1811 14.
213 1783 382 1810 quamquam
413 1773 438 1802 is
466 1776 557 1811 legem
583 1774 673 1810 ipsam
699 1783 730 1802 se
756 1773 861 1802 referre
888 1774 949 1810 ait,
976 1783 1071 1810 neque
1102 1774 1185 1803 etiam
1211 1776 1276 1804 loco
1301 1777 1453 1813 Pomponii
1483 1777 1512 1807 in
1535 1780 1557 1808 1.
1579 1788 1647 1808 120.

134 1824 168 1853 ff.
198 1825 232 1853 de
266 1825 306 1853 V.
328 1824 360 1853 S.
392 1833 486 1860 neque
511 1825 666 1862 Justiniani
693 1825 722 1853 in
745 1825 818 1854 Inst.
842 1826 880 1855 ΙΙ.
903 1835 954 1855 22.
988 1833 1017 1854 et
1043 1825 1158 1854 unicum
1185 1825 1380 1856 testimonium
1406 1828 1488 1857 vocis
1519 1829 1650 1865 paterfa-

135 1875 230 1903 milias
259 1883 322 1904 esse
345 1875 376 1905 in
398 1877 464 1904 loco
490 1875 641 1906 Ciceronis
664 1876 700 1905 de
719 1876 834 1906 Invent.
854 1876 908 1906 lib·
926 1884 956 1906 2.
982 1884 1011 1907 c.
1033 1884 1085 1913 50.
1108 1876 1184 1905 unde
1205 1877 1379 1914 descriptum
1401 1878 1470 1908 dicit
1495 1881 1591 1909 Iocum
1614 1881 1649 1908 ad

1560 1930 1647 1960 kierr.

171 2013 257 2048 (21)
282 2014 353 2047 Erb,
376 2015 403 2041 in
425 2016 487 2050 disp.
512 2017 639 2050 peculiari
658 2017 756 2044 inserta
780 2018 807 2044 in
833 2018 947 2052 Hugonis
971 2017 1068 2044 Horreo
1083 2016 1144 2046 Jur.
1166 2015 1223 2044 Cir.
1242 2015 1290 2045 1v.
1306 2018 1350 2044 62.

928 2076 952 2106 F
971 2085 987 2114 3
