1930 2448
297 140 336 163 ρο
650 125 691 156 G.
764 124 804 154 C.
872 121 1463 153 B.SURINGAK

292 216 368 243 riam
399 212 460 242 fieri
482 210 576 240 dicere
606 209 700 238 solent
729 206 888 243 Chirurgi:
918 215 1001 242 quarn
1031 205 1289 235 denominationem
1312 213 1327 234 a
1353 205 1465 234 Galeno
1486 214 1604 241 quoque
1628 205 1806 236 desumsrsse

293 265 449 300 Medicas,
472 268 551 299 patet
576 269 611 289 ex
632 258 712 288 Artis
732 257 863 286 Mcdicae
886 258 953 295 (7)
977 258 1064 291 loco,
1088 257 1137 285 ubi
1163 255 1315 284 fracturam
1339 256 1437 292 ossis,
1460 264 1599 292 quatenus
1623 257 1658 285 ad
1680 257 1803 293 primum

296 324 416 352 scopum
450 314 511 351 (in)
530 315 567 350 τῷ
589 314 682 348 πρώτῳ
701 311 814 348 σκοπῷ)
846 307 1030 337 insanabilem
1050 316 1133 343 esse,
1156 314 1296 342 quatenus
1314 315 1383 337 vero
1405 308 1439 336 ad
1457 308 1612 337 secundum
1636 308 1733 345 (κατὰ
1751 309 1811 339 δεύ-

294 378 366 403 τερον
386 365 509 401 ouon-0¹11)
532 362 742 400 quodammodo
766 359 858 389 curari
882 367 971 395 posse
995 359 1108 387 asserit.

336 418 483 456 Quaenam
503 424 579 444 nunc
603 414 661 442 sint
685 419 800 449 partes,
825 420 895 446 quae
915 418 965 446 per
993 409 1179 438 intentionem
1202 410 1329 439 Naturae
1357 410 1544 446 primariam,
1568 419 1703 446 quaenam
1724 411 1810 447 sint,

296 478 368 505 quae
392 477 443 504 per
475 466 662 496 intentionem
690 462 883 491 secundariam
910 467 1063 496 sanonum,
1092 460 1137 489 his
1167 461 1263 490 verbis
1290 462 1376 490 docet
1401 462 1531 490 Galenus
1556 462 1644 498 (8):
1687 482 1705 498 ,‚
1726 462 1809 500 Quae

299 541 316 556 ‚,
337 521 524 552 coalescunt,
554 516 670 546 omnino
699 513 797 542 mollia
821 512 986 541 naturaliter
1009 512 1086 546 sint,
1126 518 1261 548 oportet;
1294 513 1357 541 talis
1384 522 1450 541 sane
1472 520 1515 541 cst
1541 519 1601 540 tuin
1628 521 1694 541 caro
1720 513 1804 549 ipsa,

301 591 319 607 ‚,
341 577 401 599 turn
426 576 614 606 quaecunque
638 565 822 594 concretione
852 571 987 591 carnosae
1010 569 1078 590 sunt
1105 569 1219 598 partes;
1252 571 1441 599 quaecunque
1469 573 1538 592 vero
1565 564 1635 591 dura
1673 563 1808 600 siccaque

303 643 321 658 ‚,
343 628 411 650 sunt
430 622 519 658 (9),
542 627 640 648 eorum
663 617 792 645 diversae
815 620 909 650 partes
926 613 1003 642 coire
1024 613 1110 642 simul
1131 620 1298 649 nequeunt,
1321 615 1370 643 sed
1395 614 1537 650 glutinum
1563 615 1682 650 aliquod
1709 615 1813 644 vincu-

303 694 321 709 „
342 675 460 707 lumve,
492 680 549 706 quo
573 669 724 698 commissa
751 672 899 701 maneant,
929 664 1116 700 requirunt.'’
1157 664 1200 692 Ut
1223 664 1318 700 itaque
1343 672 1437 701 partes
1465 667 1576 693 solutae
1600 674 1651 701 per
1674 665 1812 694 intentio-

298 733 364 754 nem
386 722 550 759 primariam
579 722 740 748 coalescere
768 717 902 753 possint,
932 717 1049 744 mollem
1076 722 1204 744 naturam
1227 715 1332 744 habere
1356 716 1478 751 debent,
1510 716 1556 744 cui
1582 717 1696 745 accedat
1720 717 1813 746 valida

297 775 366 804 satis
381 795 391 809 ,
415 783 486 809 quae
512 774 546 802 ad
569 780 671 801 novam
696 769 898 798 formationem
925 767 1066 802 sufficiat,
1088 766 1230 801 facultas,
1252 773 1338 802 atque
1367 767 1444 803 larga
1467 774 1495 796 et
1521 767 1640 803 copiosa
1666 768 1811 797 materies.

299 826 474 854 Facultatem
499 824 635 852 nimirum
662 822 764 850 habere
789 818 912 854 debent,
943 826 975 847 ut
997 819 1080 846 docet
1106 817 1259 853 Galenus,
1291 818 1468 847 substantiae
1493 818 1591 854 illius,
1625 827 1696 854 quae
1720 819 1815 849 innas-

300 875 392 910 citur,
417 874 549 911 opificem
572 874 656 910 (10)
678 873 739 901 sive
764 870 958 905 effectricem,
988 871 1071 906 cujus
1094 878 1151 905 ope
1173 882 1180 885 -
1195 869 1259 905 „si
1284 869 1353 905 quid
1377 869 1474 904 aliud,
1504 876 1533 898 et
1554 869 1609 897 hoc
1634 869 1744 898 naturis
1769 870 1813 899 in-

302 947 321 962 „
342 933 408 962 est,
431 932 462 953 ut
483 925 538 953 sibi
561 924 633 960 ipsis
657 923 761 952 similia
786 921 890 950 faciant
910 921 968 957 (11
983 920 1035 957 ).’⁷
1073 920 1220 949 Praeterea
1243 928 1356 956 autem,
1387 929 1444 949 una
1466 929 1531 948 cum
1556 920 1612 948 hoc
1635 920 1751 957 agentis-
1765 929 1814 950 ro-

300 978 392 1011 bore,
415 976 531 1004 materia
550 977 626 1010 larga
643 981 670 1002 et
698 973 816 1009 copiosa
835 972 864 1000 in
892 979 972 1008 parte
994 972 1143 1000 vulnerata
1165 971 1339 1007 requiritur,
1362 972 1444 1008 cujus
1467 970 1666 1001 necessitatem
1687 972 1733 1008 („
1754 980 1814 1001 om-

300 1050 319 1065 „
342 1028 412 1057 nino
437 1027 510 1056 enim
535 1025 635 1054 defluit
659 1025 768 1060 aliquid
789 1034 804 1053 a
832 1024 990 1053 substantia
1015 1023 1100 1051 unius
1135 1023 1327 1060 cujusque’')
1363 1022 1463 1051 iisdem
1495 1023 1526 1051 in
1559 1022 1632 1051 locis
1659 1022 1817 1060 proposuit

300 1079 431 1108 Galenus
453 1081 556 1114 (12).

339 1131 436 1160 Partes
460 1129 558 1164 itaque
588 1129 720 1162 solutae,
750 1127 780 1156 in
809 1127 914 1162 quibus
939 1127 991 1155 hae
1018 1124 1199 1154 conditiones
1228 1131 1425 1159 concurrunt,
1455 1123 1590 1161 glutinari
1614 1124 1718 1153 iterum
1744 1132 1816 1160 pos-

301 1187 391 1216 sunt,
413 1187 500 1215 atque
529 1179 585 1207 huc
609 1179 756 1214 pertinent
782 1186 901 1206 carnosa
921 1177 1039 1212 omnia,
1071 1186 1143 1212 quae
1171 1186 1186 1205 e
1210 1178 1348 1214 sanguine
1370 1184 1500 1214 generata
1521 1184 1610 1212 sunt,
1639 1178 1706 1206 dum
1728 1186 1816 1207 mem-

301 1233 438 1260 branacea
463 1238 490 1259 et
513 1230 627 1265 omnia,
659 1238 730 1265 quae
754 1237 769 1256 e
793 1228 901 1257 semine
926 1236 1021 1256 ortum
1052 1227 1175 1264 habent,
1204 1235 1252 1257 aut
1277 1237 1398 1265 prorsus
1426 1237 1505 1263 non,
1535 1234 1585 1256 aut
1614 1228 1697 1256 valde
1727 1236 1814 1265 raro,

301 1283 430 1312 Naturae
454 1291 511 1319 ope
542 1281 735 1311 restituuntur
761 1280 776 1318 (
798 1288 832 1316 13
853 1279 883 1317 ).
939 1280 1037 1315 Atque
1062 1280 1148 1317 hujus
1180 1280 1294 1316 quiden]
1324 1280 1365 1309 rei
1388 1280 1527 1308 rationem
1562 1278 1691 1308 Galenus
1724 1279 1817 1316 expli-

1773 1335 1822 1359 cat

335 1415 405 1450 (7)
423 1415 483 1442 Vid.
505 1417 599 1441 Galeni
621 1416 671 1441 Ars
696 1414 815 1440 Medica.
838 1416 904 1448 Cap.
918 1416 999 1442 XXX.
1018 1416 1108 1443 Chart.
1128 1417 1204 1444 Tom.
1223 1417 1258 1444 [l.
1277 1425 1334 1450 pag.
1350 1422 1408 1448 223'.

335 1461 400 1495 (8)
418 1461 479 1488 Vid.
499 1461 624 1488 Method.
645 1460 775 1486 Medendi
793 1462 869 1488 Libr.
890 1463 939 1488 Ill.
959 1465 1026 1496 Cap.
1045 1464 1091 1490 IV.
1111 1463 1203 1491 Chart.
1225 1465 1301 1489 Tom.
1321 1465 1354 1490 Χ.
1373 1470 1432 1496 pag.
1444 1463 1475 1494 63
1494 1468 1569 1494 seqq.

335 1507 404 1540 (9)
423 1508 503 1540 Quod
529 1516 577 1541 per
598 1509 697 1534 haecce
720 1508 784 1533 dura
803 1509 946 1540 siccaque,
977 1517 1043 1542 quae
1070 1518 1120 1535 non
1142 1512 1192 1536 nisi
1216 1512 1318 1543 glutine
1339 1508 1452 1541 quodam
1479 1509 1497 1535 i.
1517 1516 1540 1535 e.
1568 1513 1615 1539 per
1643 1505 1815 1531 intentionem

302 1556 401 1579 tantum
417 1555 532 1578 Naturae
554 1555 731 1580 secundariam
752 1556 905 1580 coalescere
931 1562 1058 1588 possunt,
1079 1564 1137 1581 ossa
1154 1557 1298 1589 significare
1320 1557 1386 1582 velit
1406 1556 1536 1583 Galenus,
1562 1557 1635 1584 patet
1663 1559 1677 1576 e
1704 1553 1767 1576 loco
1790 1551 1815 1574 in

303 1605 360 1631 quo
377 1598 461 1624 dicit:
496 1617 513 1631 ,‚
533 1600 612 1632 Quod
625 1601 705 1631 igitur
717 1602 871 1626 coalescere
889 1609 1002 1634 nequeat
1018 1611 1065 1629 [aln
1081 1603 1175 1628 durum
1196 1612 1224 1629 os
1236 1622 1244 1633 ‚
1263 1611 1340 1636 qnam
1360 1602 1401 1633 id,
1421 1599 1492 1634 quod
1509 1601 1534 1625 in
1552 1598 1695 1631 juvenibus
1712 1603 1737 1622 et
1755 1596 1816 1621 ado·

302 1662 321 1676 ,,
341 1645 520 1676 lesceutibus,
540 1652 566 1671 et
582 1647 607 1670 in
626 1647 709 1677 viris,
728 1649 864 1680 multoque
883 1650 961 1681 inagis
982 1651 1006 1674 in
1027 1652 1133 1676 senibus
1149 1652 1282 1680 cernitur,
1301 1649 1327 1674 id
1345 1648 1473 1681 profecto
1491 1647 1534 1672 vel
1553 1645 1639 1671 cuivis
1658 1650 1746 1676 patere
1768 1650 1816 1675 po-

302 1708 322 1723 „
341 1696 403 1717 test.
439 1692 530 1718 Potest
548 1699 620 1718 certe
641 1693 703 1718 illud
721 1700 818 1719 tanturn
835 1697 978 1722 unitionem
1002 1699 1147 1730 recipcre,
1172 1697 1243 1730 quod
1262 1694 1363 1722 abunde
1387 1696 1467 1720 molle
1485 1700 1545 1722 cst3
1575 1688 1725 1723 cujusmodi
1752 1696 1817 1714 con·

303 1755 322 1770 ,7
341 1738 453 1770 spicitur
480 1739 504 1763 in
524 1739 655 1770 puerulis.
692 1740 771 1772 Quod
788 1748 873 1767 autem
898 1743 948 1767 alia
979 1745 1100 1776 quzipiarn
1119 1745 1315 1769 interveniente
1340 1741 1503 1770 substantia,
1521 1745 1568 1764 seu
1586 1737 1686 1768 glutine
1701 1733 1815 1769 quodam

303 1801 321 1815 „
338 1784 516 1815 agglutinari,
551 1785 728 1817 colligatique
752 1793 843 1813 secum
873 1796 1007 1821 separatae
1031 1791 1107 1816 fracti
1124 1793 1191 1817 ossis
1214 1791 1360 1824 particulae
1379 1793 1491 1821 queant,
1517 1785 1560 1810 hic
1584 1785 1698 1809 maxime
1724 1786 1816 1814 speret

305 1847 321 1860 ‚,
339 1830 496 1862 quispiam.⁷'
534 1830 595 1856 Vid.
613 1831 737 1860 Method.
757 1834 886 1860 Medendi
906 1836 977 1862 Libr.
996 1837 1041 1862 VI.
1066 1839 1131 1871 Cap.
1147 1839 1181 1864 V.
1201 1838 1294 1864 Char-t.
1313 1837 1390 1861 Tom.
1399 1835 1429 1860 X.
1447 1840 1506 1866 pag.
1519 1838 1576 1864 145.

338 1874 414 1907 (ἀΰ)
433 1875 496 1902 Vid.
517 1877 631 1903 Galenus
649 1877 682 1902 de
696 1879 799 1906 Semine
820 1881 892 1908 Libr.
905 1882 926 1908 Ι.
954 1883 1022 1915 Cap.
1038 1883 1113 1910 XIII.
1133 1884 1223 1910 Chart.
1241 1881 1382 1908 Tom.lll.
1398 1887 1458 1913 pag.
1472 1886 1522 1904 202
1541 1885 1600 1910 seq..

338 1917 419 1952 (ιι)
438 1921 499 1945 Vid.
520 1923 635 1949 Galenus
656 1925 674 1951 1.
694 1933 718 1951 c.
738 1928 804 1959 Cap.
820 1927 867 1953 XI,
887 1928 980 1954 Chart.
999 1929 1077 1955 Tom.
1095 1931 1129 1956 11,
1157 1937 1216 1962 pag.
1237 1930 1294 1961 198·
1770 1942 1780 1951 ”

338 1962 425 1996 (12)
444 1964 505 1990 Vid·
523 1967 541 1992 ¹-
563 1973 586 1992 ⁰·
608 1970 672 2000 Cap,
688 1972 734 1998 XI·
758 1973 850 1998 chart.
877 1975 895 1999 1.
914 1980 939 2000 c.
964 1982 1022 2006 pag.
1044 1977 1088 2007 191³,
1102 1984 1159 2008 seq.
1187 1977 1252 2008 Cap.
1274 1974 1350 2000 XIII.
1378 1980 1437 2005 pag.
1453 1978 1513 1997 201.
1548 1969 1630 1996 Conf.
1659 1966 1754 1992 Galeni
1781 1964 1814 1991 de

304 2010 422 2036 Constit.
439 2012 508 2036 Artis
525 2012 646 2038 Medicae
663 2015 742 2041 Liber
766 2018 831 2049 Cap.
845 2019 908 2045 XII.
926 2020 1018 2047 Chart.
1044 2022 1121 2048 Tom.
1139 2022 1174 2047 11.
1199 2029 1257 2054 pag.
1276 2022 1323 2054 184
1339 2026 1416 2051 seq.:
1451 2037 1468 2050 ‚‚
1489 2018 1523 2042 At
1547 2016 1590 2041 hic
1610 2013 1641 2039 ad
1663 2014 1722 2038 alias
1744 2018 1815 2037 artes

307 2057 423 2088 analogia
440 2057 627 2084 consideranda
645 2067 693 2087 est.
730 2063 769 2088 Ut
781 2064 849 2088 enim
869 2066 890 2090 si
910 2067 970 2098 quis
982 2075 1013 2092 ex
1035 2069 1120 2093 coctis
1138 2068 1261 2093 lateribus
1277 2074 1328 2093 erc.
1346 2078 1381 2085 ·—
1399 2069 1558 2090 construere
1576 2069 1628 2087 non
1644 2058 1764 2093 potest-'⁷

341 2102 420 2135 (13)
438 2103 499 2130 Vid.
519 2105 613 2131 Galeni
630 2106 662 2131 de
683 2107 788 2133 Semine
807 2110 890 2139 ‘Libr.
908 2111 931 2137 Ι.
958 2113 1025 2145 Cap.
1041 2115 1090 2142 XI.
1114 2115 1145 2139 ab
1166 2114 1258 2140 initlo:
1294 2132 1312 2146 ‚,
1331 2112 1425 2139 Omnia
1443 2111 1531 2140 enim,
1550 2114 1616 2141 quae
1633 2112 1694 2132 ΝΜ
1710 2104 1815 2131 ⁶³¹¹¹⁰⁵i

307 2166 325 2182 „
344 2150 447 2181 generis
464 2157 518 2178 etc.
534 2164 570 2172 -
586 2159 630 2180 aut
645 2153 719 2179 valde
735 2160 796 2180 raro
808 2160 1032 2188 regenerantur.''
