1930 2448
228 106 264 138 52
481 95 500 122 .·
549 96 590 128 G.
675 92 1276 129 RUsTENscHtLo

228 188 377 217 terpretem
392 200 401 213 ‚
424 179 473 213 qui
499 179 609 207 huncce
632 180 727 207 locum
754 187 819 207 cum
845 180 929 208 modo
955 180 1116 208 memoratis
1141 180 1168 209 in
1196 181 1376 210 concordiam
1404 181 1529 218 redigere
1549 182 1640 211 velitt·
1658 183 1733 219 sed,

230 240 262 260 nt
288 240 372 259 verus
396 230 453 257 loci
481 238 583 258 sensus
611 237 817 265 cognoscatur,
845 237 871 258 et
891 236 922 258 ut
938 231 1001 268 jure
1018 231 1147 259 affirmari
1164 232 1276 267 possit,
1296 241 1358 260 enm
1382 241 1445 260 eum
1467 234 1529 262 aliis
1548 234 1730 269 consentire,

231 283 292 311 aliis
316 290 390 316 opus
410 287 453 309 est
480 288 556 309 recte
576 281 778 316 interpretandi
801 281 948 310 subsidiis.
992 283 1083 318 Igitur
1105 284 1306 311 attendendum
1335 290 1394 318 est,
1418 284 1545 320 quibus,
1580 294 1637 320 quo
1662 291 1735 313 tem-

234 342 303 369 pore
328 338 354 359 ct
383 340 440 366 quo
474 331 558 360 animi
582 331 686 360 affectu
713 333 848 361 Servator-
881 341 911 361 ea
928 354 937 368 ,
971 342 1041 368 quae
1064 333 1104 362 ibi
1129 334 1214 363 obvia
1239 342 1327 370 sunt,
1359 335 1481 370 dixerit,
1513 342 1540 363 et
1572 336 1601 363 in
1630 344 1742 364 memo-

233 384 301 412 riam
324 383 471 410 vocandus
501 390 542 411 est
569 383 706 418 loquendi
732 392 820 419 usus,
849 393 908 419 qno
932 385 1084 420 docemur,
1113 394 1163 421 per
1186 387 1242 413 duo
1269 386 1404 422 opposita
1429 395 1488 414 non
1519 395 1583 414 raro
1609 387 1744 415 denotari>-

234 434 497 468 universalitatem,
523 444 616 470 neque
646 434 675 463 in
703 434 808 463 talibus
844 436 1000 464 enunciatis
1026 437 1146 472 negandi
1180 436 1317 464 formulas
1348 437 1428 465 anxie
1462 438 1626 473 premendas
1656 446 1743 472 esse,

234 485 277 513 his
317 493 385 521 ergo
419 484 601 520 phrasi-bus,
638 488 685 515 οὐκ
729 484 899 520 ἀφεθήσῃ-χι
937 487 1009 522 aim-c}
1041 488 1103 515 ὄυτε
1139 488 1164 516 ἐν
1202 488 1287 523 ‘rdiam
1326 490 1361 524 τῷ
1404 490 1507 523 αἰῶνι,
1544 490 1606 518 οὔτε
1639 490 1665 517 ἐν
1701 489 1738 525 τῷ

232 538 359 572 μέλλοντι
374 557 383 570 .,
410 537 605 564 tantummodo
630 535 771 564 contineri
794 535 1016 571 descriptionem
1040 545 1165 565 summae
1183 538 1352 574 Judaeorum
1382 546 1469 568 aetate
1496 539 1689 568 contumaciae
1712 544 1742 567 et

238 587 428 622 improbitatis
446 607 455 621 ,
494 588 575 623 eujus
607 587 786 622 certissime,
817 586 873 615 nisi
904 586 1013 615 sincere
1048 589 1266 624 resipiscerent,
1297 598 1406 625 poenas
1436 591 1615 626 gravissimas
1641 589 1743 618 luituri

237 647 343 666 essent.
386 638 493 666 Similis
520 645 563 666 est
590 638 660 666 ratio
685 637 741 666 loci
771 646 779 666 1
803 637 884 667 Tim.
908 647 946 674 4:
972 641 999 666 8.
1043 640 1089 667 Ad
1112 642 1207 668 locum
1235 640 1342 669 Matth.
1365 642 1400 669 6:
1428 650 1472 677 13·
1495 650 1557 669 cum
1579 641 1639 669 aliis
1664 650 1744 669 eom·

234 690 514 725 ponentluimppus
538 695 580 716 est
603 689 802 718 observatione
828 698 897 717 usus
926 691 1063 725 loquendi
1091 691 1280 719 Orientalium
1304 698 1331 719 et
1348 692 1501 721 collatione
1524 691 1657 720 similium
1682 691 1743 720 for·

232 742 370 768 mularum
397 740 425 768 in
451 740 491 768 V.
522 741 552 768 F.
584 740 743 769 obviatum.
786 740 856 768 Non
892 749 958 768 mox
986 742 1125 778 Analogia
1150 742 1320 777 doetrinae,
1350 750 1491 778 tamquam
1521 743 1603 771 Deus
1626 750 1660 770 ex
1687 750 1745 770 ma-

232 792 336 826 china,
359 791 494 819 dictionis
521 791 706 820 illustrandae
734 800 838 827 causa,
865 798 908 819 est
934 793 1135 828 producenda,
1165 802 1200 821 ne
1227 793 1429 829 repugnantiae
1459 793 1569 829 species
1601 793 1741 829 supersit.

270 843 340 870 Non
370 843 473 870 suflicit
501 842 619 870 clariora
642 842 762 878 afferre,
786 843 835 870 sed
860 843 972 871 ostendi
994 844 1096 878 debet,
1122 843 1198 872 dicta
1222 844 1410 879 obscuriora,
1440 853 1510 880 quae
1528 845 1671 872 illustrare
1693 853 1746 873 cu-

233 893 364 929 piamus,
388 894 459 921 hane
483 895 529 922 vel
552 893 627 921 illam
648 894 836 929 sententiam,
864 894 1019 922 secundum
1036 894 1155 931 linguae
1180 895 1327 932 indolem,
1351 896 1498 924 continere
1525 904 1612 932 posse
1636 902 1663 923 et
1692 896 1745 924 hac

232 943 360 978 ratione,
384 943 550 979 explicando
572 944 708 979 loquendi
726 954 800 980 usu,
818 947 1022 981 ἐναντιαφκνείοι
1040 947 1166 974 tollenda
1186 953 1241 975 est.
1262 946 1294 976 In
1309 953 1450 983 promptu·
1460 955 1527 982 ergo
1546 946 1686 975 continuo
1700 955 1746 975 es-

234 1002 265 1021 se
288 994 392 1022 debent
423 986 639 1023 observationes
666 995 699 1022 de
728 995 756 1023 vi
783 996 937 1024 verborum
965 1005 979 1024 e
1006 997 1214 1026 consuetudine
1249 998 1412 1033 Hebraica,
1449 998 1569 1026 maxime
1598 1007 1681 1034 saepe
1709 998 1746 1026 ab

232 1044 460 1072 occidentalium
486 1045 644 1080 linguarum
670 1045 764 1072 indole
787 1046 970 1073 abhorrente.
1016 1045 1113 1083 Quum
1138 1055 1232 1075 antem
1252 1050 1386 1080 ‘locorum
1414 1057 1448 1077 ex
1473 1050 1528 1077 hoc
1550 1058 1652 1085 genere
1673 1057 1746 1078 con-

234 1095 341 1124 ciliatio
362 1095 455 1123 varios
477 1103 541 1122 cum
563 1094 682 1122 maxime
706 1095 806 1123 habeat
829 1097 951 1130 modos,
970 1097 1120 1125 admodum
1145 1099 1257 1127 difficile
1283 1100 1370 1128 fuerit
1390 1102 1467 1137 leges
1485 1107 1512 1128 et
1537 1102 1648 1136 regulas
1674 1100 1747 1128 scri-

233 1146 300 1173 bere
327 1145 523 1180 universales,
552 1153 622 1180 quae
653 1146 787 1174 omnibus
815 1147 956 1184 ejusmodi
983 1148 1055 1175 locis
1083 1148 1264 1183 expediendis
1291 1150 1445 1176 sufficiant.
1487 1151 1553 1175 Hoc
1581 1157 1688 1176 tantum
1717 1150 1747 1178 in

233 1197 399 1225 universum
428 1196 734 1232 animadvertendum,
754 1198 788 1226 ab
807 1198 1043 1234 interpretatione
1069 1199 1194 1235 legitima
1218 1208 1330 1235 semper
1355 1199 1466 1228 initium
1488 1199 1648 1229 faciendum
1672 1210 1749 1231 esse.

232 1249 297 1286 Qua
325 1249 358 1277 de
387 1257 416 1276 re
446 1248 558 1285 egregie
586 1247 782 1284 exposuerunt
807 1249 977 1278 Tus-retinas
1002 1249 1032 1278 in
1058 1249 1157 1279 Tract.
1195 1249 1229 1278 cle
1252 1252 1412 1288 scripturae
1433 1244 1554 1278 Sacrae
1562 1253 1686 1290 interpr.
1703 1253 1750 1281 lin>

230 1299 311 1335 Opp.
332 1301 342 1328 l
383 1309 410 1328 e.
436 1308 508 1335 pag..
523 1308 716 1337 122-127,
757 1301 909 1329 simas-tius
930 1301 1004 1331 last.
1034 1301 1094 1331 Iszt.
1116 1303 1148 1331 P.
1167 1303 1191 1330 Ι.
1216 1302 1248 1330 S.
1266 1302 1306 1331 ΙΙ.
1331 1302 1370 1332 C.
1392 1296 1419 1338 3.
1447 1303 1476 1338 §z
1499 1311 1556 1338 37,
1566 1305 1628 1339 3.8
1660 1304 1747 1334 Ο.6.

227 1356 303 1379 toto.
326 1350 428 1378 Morus
451 1350 617 1378 Acroas.1.
649 1360 683 1386 p
700 1361 733 1387 25
738 1353 776 1386 6,
799 1359 874 1388 257,
896 1354 964 1387 ¹258.
993 1352 1029 1380 ΙΙ.
1052 1362 1082 1388 p.
1102 1356 1116 1381 8
1141 1362 1209 1388 sqq.

267 1402 321 1429 XI.
343 1401 487 1438 Quoniam
507 1401 581 1429 inter
611 1410 710 1429 omnes
734 1409 869 1436 constat,
892 1403 1029 1429 C1iticam
1052 1403 1283 1439 interpretationi
1310 1412 1379 1432 esse
1402 1404 1654 1440 praemittendam,
1676 1413 1748 1441 pau-

236 1459 282 1480 cas
310 1452 410 1480 addere
438 1451 522 1479 liceat
545 1452 711 1487 cautiones,
733 1462 768 1481 ne
798 1453 828 1481 in
866 1452 973 1483 Critica
998 1453 1137 1490 Analogia
1161 1455 1307 1483 doctrinae
1329 1456 1492 1486 abutamur.

266 1503 404 1531 Assumta
430 1511 575 1531 sacrorum
595 1503 736 1531 librorum
771 1503 987 1539 Theopneustia
1005 1524 1016 1539 ,
1045 1505 1148 1540 lectio,
1178 1515 1249 1541 quae
1273 1513 1364 1534 exstat
1390 1513 1532 1542 tamquam
1562 1506 1690 1542 profecta
1710 1507 1744 1535 ab

236 1560 354 1582 auctore
391 1554 503 1582 munito
537 1554 705 1582 auctoritate
743 1555 837 1585 divina
856 1577 866 1591 ,
896 1556 1070 1592 repudianda
1095 1563 1166 1592 est,
1195 1557 1219 1585 si
1252 1559 1333 1586 nullo
1361 1557 1447 1585 modo
1475 1549 1547 1585 cum·
1564 1557 1626 1585 aliis
1652 1558 1744 1594 loc-is,

231 1604 336 1640 quibus
360 1605 394 1632 de
420 1604 564 1640 religione
591 1605 764 1640 exponitur,
790 1606 937 1635 conciliari
963 1614 1071 1642 potest.
1114 1608 1279 1636 Cavendum
1301 1617 1369 1636 vero
1383 1605 1397 1642 ,ἶ
1423 1617 1459 1636 ne
1484 1616 1516 1636 ea
1544 1608 1746 1642 emendemus,

230 1665 302 1692 quae
320 1655 515 1685 emendatione
531 1665 591 1685 non
615 1656 756 1692 indigent.
797 1657 988 1693 Antiquiores
1011 1658 1196 1686 immoderato
1220 1659 1375 1695 agebantur
1395 1657 1510 1694 pruritu
1538 1666 1604 1685 mox
1624 1666 1748 1686 ea-cor·

230 1707 360 1744 rigendi,
392 1715 464 1742 quae
487 1706 581 1735 minus
604 1706 689 1743 digna
713 1708 880 1736 auctoribus
899 1708 1005 1737 divinis
1031 1716 1117 1745 atque
1136 1710 1204 1738 alibi
1231 1710 1314 1738 dictis
1340 1709 1527 1746 repugnantia
1552 1709 1743 1745 videbantur,

233 1768 297 1787 cum
320 1767 403 1794 saepe
432 1766 531 1787 verum
557 1760 686 1787 locorum
711 1767 827 1788 sensum
842 1760 965 1789 -minime
990 1768 1130 1790 tenerent.
1172 1760 1264 1789 Cont'.
1291 1770 1307 1789 a
1334 1761 1484 1789 nonnullis
1508 1761 1590 1789 allata
1616 1760 1645 1789 in
1670 1761 1749 1790 hane·

230 1819 287 1838 rem
309 1811 390 1844 loca,
412 1809 507 1837 Mare.
531 1817 582 1845 13:
606 1817 655 1845 32.
693 1809 741 1846 Jo.
764 1819 796 1839 1:
823 1820 869 1847 13.
893 1814 929 1840 8:
950 1820 1000 1848 44.
1026 1821 1076 1841 10:
1100 1821 1130 1848 7.
1175 1823 1186 1841 1
1208 1813 1280 1842 Cor.
1302 1820 1356 1841 10:
1378 1822 1408 1849 9.
1450 1821 1461 1840 1
1477 1813 1526 1850 Jo.
1545 1821 1583 1849 5:
1605 1823 1634 1851 7.
1663 1812 1748 1841 Non-

227 1860 298 1889 nuni
314 1861 394 1889 etiam
421 1861 477 1888 hue
501 1860 630 1889 referunt
654 1861 838 1890 omissionem
867 1863 896 1891 in
919 1864 1018 1892 multis
1040 1864 1198 1893 Codicibus
1219 1864 1321 1892 factam
1345 1863 1497 1900 pericopae
1515 1865 1584 1902 Joh.
1603 1873 1638 1902 7:
1659 1874 1696 1903 53
1711 1876 1748 1885 -

230 1911 264 1939 81:
287 1919 334 1940 11.
378 1910 471 1940 Mare.
486 1913 546 1939 16:›
560 1921 578 1948 9
591 1919 687 1940 —20.
717 1913 747 1941 in
765 1912 842 1946 Cod.
864 1914 899 1943 B.
919 1922 950 1943 ut
974 1923 1001 1943 et
1019 1915 1197 1944 mutationes
1214 1914 1302 1943 factas
1325 1915 1434 1943 Matth.
1451 1924 1503 1952 27⁷:
1529 1916 1573 1947 16.
1604 1918 1672 1947 Act.
1689 1926 1742 1954 132

231 1962 275 1989 16.
303 1961 350 1988 Ne
371 1961 439 1995 quid
457 1961 549 1990 simile
568 1964 800 1998 committamus,
823 1965 848 1993 si
873 1965 943 2000 quid
966 1968 1021 1994 tale
1043 1966 1128 1994 nobis
1153 1973 1303 2001 occurrat,
1337 1967 1416 2002 quod
1444 1966 1606 1995 istiusmodi
1626 1968 1744 2005 objiciat

227 2011 426 2047 difficultates,
448 2018 529 2041 caute
551 2012 842 2050 circumspiciendum
861 2022 904 2044 est
916 2036 927 2052 ,
948 2026 1017 2047 num
1036 2017 1092 2046 alio
1113 2018 1199 2047 modo
1217 2018 1368 2047 difficultas
1386 2027 1418 2047 ea
1435 2018 1498 2048 tolli
1515 2019 1628 2055 possit,
1646 2020 1744 2056 prius·

1655 2080 1738 2107 quam
