1930 2448
312 164 347 192 34
541 145 836 180 BOUDEWINI
858 137 1313 174 DONKERCURTNJS
1343 151 1439 173 w.13·
1461 152 1594 181 rxnlr,

312 244 412 266 carum
433 241 518 272 atque
540 232 757 264 Chcmicarrtm,
788 226 902 259 Parisiis
931 225 968 254 A.
995 223 1065 258 1813
1087 220 1183 258 edito,
1206 222 1234 252 in
1253 232 1312 260 quo
1330 224 1418 254 dicit:
1463 247 1482 262 ‚‚
1504 227 1523 255 il
1543 226 1668 256 saudroit
1689 236 1820 265 essayet·,

317 310 335 324 ‚,
356 288 380 316 si
395 284 604 320 l'Eleetricite,
620 284 689 312 dans
708 290 761 311 son
781 282 839 309 etat
857 281 882 308 le
899 279 963 314 plus
982 278 1091 310 latent,
1110 276 1156 304 n'a
1175 285 1285 306 aucune
1304 279 1399 308 action
1417 289 1466 308 sur
1478 281 1602 310 l'aimant
1619 290 1728 310 comme
1745 283 1821 320 tel.''

314 341 412 378 Quum
437 347 506 368 vero
527 337 575 367 illa
595 334 732 373 cogitatio
756 335 783 362 ei
806 341 865 363 non
887 333 960 361 clara
987 335 1082 363 esset,
1105 334 1132 356 et
1151 337 1238 363 quum
1262 329 1380 358 maxime
1405 339 1517 366 operam
1542 332 1620 361 daret
1643 341 1722 362 novo
1749 333 1825 362 Che-

313 391 384 419 miae
413 389 583 426 systemati,
605 388 680 417 illam
700 395 759 416 non
788 384 911 421 amplius
944 380 1072 411 fovebat.
1114 381 1148 408 In
1174 380 1348 410 lectionibus
1375 389 1466 410 autem
1491 383 1550 411 suis
1570 383 1604 411 de
1631 393 1709 413 novo
1726 384 1751 412 ei
1776 384 1823 414 illa

311 442 412 478 venit,
435 448 463 470 et
483 439 549 471 hinc
568 438 768 477 experimentis
792 435 931 467 institutis
958 433 1152 471 phaenomena
1172 431 1286 461 maximi
1310 433 1340 462 in
1366 433 1498 470 Physicis
1524 433 1661 463 momenti
1688 434 1825 464 observa·

314 494 357 523 vit
384 494 400 531 ζ
416 501 427 522 1
441 493 471 530 >-

346 544 445 582 Quum
465 543 543 573 filum
559 543 724 572 conducens
735 561 744 575 ‚
766 539 836 568 duas
853 537 928 575 pilae
943 536 1134 565 extremitates
1155 535 1229 566 inter
1245 544 1275 565 se
1292 537 1415 574 jungens
1426 558 1436 574 ‚
1458 538 1496 566 sit
1512 539 1676 574 parallelum
1693 537 1728 566 ad
1745 537 1826 574 posi-

312 596 419 625 tionem
437 594 606 624 ordinariam
627 602 695 622 acus
715 589 896 628 Magneticae
908 607 919 624 ,
941 595 970 617 et
988 587 1076 624 igitur
1090 587 1120 617 in
1139 588 1294 618 meridiano
1315 588 1482 626 Magnetico
1504 590 1541 618 sit
1559 590 1644 619 situm
1657 610 1667 626 ,
1690 596 1718 618 et
1736 597 1825 625 quum

310 648 405 677 fluxus
421 647 455 676 ab
472 654 569 676 austro
585 654 686 675 versus
703 641 936 672 seintentrionem
953 639 1091 676 prodeat,
1102 646 1255 674 sequentes
1274 639 1392 669 effectus
1409 641 1547 670 obtinuit.

315 698 357 727 ιο.
392 699 517 736 Quando
538 697 616 725 filum
638 704 723 731 supra
744 702 824 723 acum
840 691 1033 729 Magneticam
1051 690 1089 718 sit
1104 689 1250 726 positum,
1272 692 1359 726 polus
1376 692 1436 728 ejus
1454 691 1584 721 australis
1601 700 1660 722 non
1681 691 1710 722 in
1729 692 1826 722 eadem

386 750 533 786 positione
549 754 643 776 manet
658 768 668 783 ,
691 746 741 775 sed
759 745 872 774 actione
887 744 982 772 fluxus
1000 741 1040 770 fili
1065 749 1166 769 versus
1184 741 1362 770 occidentem
1381 743 1525 773 deviatur.

293 800 355 830 πθ.
387 801 510 837 Quando
531 799 610 827 filum
633 797 706 827 infra
725 805 806 826 acum
826 796 862 825 sit
884 795 987 828 situm,
1010 793 1096 828 polus
1117 793 1248 821 australis
1271 793 1354 822 etiam
1374 803 1475 823 versus
1494 795 1670 824 occidentem
1687 794 1822 824 declinat.

310 853 355 887 30.
385 850 509 887 Quando
529 849 608 878 filum
630 848 665 877 ad
685 847 799 877 eandem
820 845 998 875 altitudinem
1016 852 1048 872 ac
1070 851 1139 872 acus
1157 843 1342 881 Magnetica‚
1364 852 1450 881 atque
1466 846 1500 877 ad
1515 847 1576 884 ejus
1594 848 1669 876 latus
1689 845 1824 875 orientale

387 901 563 935 inveniatur,
576 900 700 936 Magnes
721 907 783 928 non
799 896 922 933 amplius
939 895 986 924 vel
1003 892 1179 922 occidentem
1197 894 1391 925 velorientem
1406 905 1506 926 versus
1522 897 1670 934 deviatur,
1693 898 1744 927 sed
1757 905 1826 927 ver·

385 952 505 980 ticaliter
529 959 590 979 sese
606 957 703 980 movet
716 971 726 984 ,
749 950 788 978 ita
806 955 839 977 ut
856 949 943 984 potus
962 944 1093 974 australis
1108 945 1286 975 sublevetur.

308 1004 356 1039 40.
388 1002 511 1040 Quando
532 1003 611 1030 filum
632 1001 660 1029 in
693 1000 779 1029 simili
796 997 942 1036 positione
963 995 1021 1031 sit,
1045 995 1096 1023 sed
1113 995 1147 1024 ad
1166 997 1239 1026 latus
1257 995 1403 1034 Magnetis
1426 997 1582 1033 orientale,
1604 997 1751 1027 inclinatIo
1768 996 1822 1026 ite-

384 1062 447 1081 rum
465 1054 558 1081 locum
577 1052 681 1087 habet,
703 1058 731 1080 et
750 1052 835 1087 polus
852 1047 986 1077 australis
1012 1046 1193 1082 deprimitur.

343 1104 454 1132 Eodem
480 1110 644 1138 momento,
667 1111 725 1138 quo
747 1099 884 1129 circuitus
912 1097 1151 1133 interrumpitur,
1174 1097 1270 1127 omnia
1293 1098 1342 1127 illa
1369 1099 1565 1134 phaenomena
1588 1106 1722 1135 cessant3
1749 1107 1822 1135 quae

308 1154 390 1182 etiam
407 1154 643 1190 praecedentibus
662 1151 806 1181 contraria
821 1157 925 1184 erunt,
948 1157 1037 1185 quum
1055 1148 1085 1176 in
1108 1149 1284 1177 conductore
1302 1149 1396 1178 fluxus
1411 1149 1531 1178 directio
1554 1150 1721 1179 invertatur.
1762 1150 1820 1179 Ni-

306 1206 346 1233 hil
366 1213 482 1240 quoque
504 1204 534 1233 in
558 1203 621 1232 illis‘
632 1210 758 1232 mutatur
769 1223 783 1238 2
801 1201 826 1231 si
842 1200 947 1230 vitrum
967 1205 1016 1239 aut
1032 1199 1145 1235 lignum
1162 1206 1211 1228 aut
1227 1201 1339 1229 metalla
1357 1201 1432 1229 inter
1449 1200 1528 1230 filum
1547 1208 1575 1231 et
1592 1202 1758 1238 Magnetem
1774 1200 1819 1231 in·

305 1261 495 1292 tet-ponantur
518 1254 559 1292 (α
572 1255 600 1291 ).

344 1307 457 1335 Haecce
483 1306 677 1342 phaenomena
701 1303 771 1333 satis
794 1303 868 1333 inter
893 1310 924 1331 se
946 1301 1061 1330 differre
1085 1301 1241 1337 videntur,
1263 1311 1321 1331 uno
1346 1309 1439 1331 autem
1463 1302 1620 1339 eodemque
1645 1303 1818 1332 theoremate

306 1365 428 1395 possunt
451 1356 592 1393 proponi.
635 1356 837 1391 supponamus
857 1354 930 1382 hane
954 1353 992 1381 ob
1013 1361 1072 1380 rem
1096 1351 1309 1381 observatorem
1336 1354 1376 1382 ita
1390 1353 1419 1382 in
1436 1353 1485 1382 filo
1505 1353 1653 1389 positum,
1676 1361 1708 1383 ut
1724 1355 1819 1383 fluxus

306 1408 425 1438 directio
444 1408 478 1436 ab
497 1408 557 1444 ejus
575 1407 698 1444 pedibus
720 1414 821 1435 versus
838 1411 924 1441 caput
947 1404 1007 1439 sit,
1027 1409 1056 1431 et
1080 1409 1112 1431 ut
1129 1402 1159 1431 in
1179 1402 1251 1431 facie
1269 1412 1348 1432 acum
1367 1403 1561 1440 Magneticam
1585 1405 1703 1441 habeat3
1735 1412 1822 1441 atque

304 1458 482 1489 inveniemus
494 1479 504 1494 2
525 1466 607 1487 acum
626 1465 728 1486 versus
742 1457 830 1494 hujus
848 1454 1045 1484 observatoris
1063 1454 1207 1486 sinistram
1229 1464 1342 1492 semper
1359 1455 1478 1484 deviari.
1518 1456 1552 1484 In
1570 1452 1663 1492 primo
1688 1455 1761 1485 enim
1781 1455 1824 1485 ef-

304 1511 383 1540 fectu
402 1517 557 1539 memorato
576 1508 723 1547 Magnetis
742 1511 830 1546 polus
846 1508 978 1537 australis
999 1516 1100 1537 versus
1121 1507 1298 1536 occidentem
1320 1506 1462 1535 declinat:
1486 1507 1581 1535 sedin
1599 1507 1662 1536 data
1677 1507 1824 1543 positione

304 1561 498 1591 observatoris
517 1560 652 1590 occidens
670 1560 705 1588 ad
732 1561 793 1597 ejus
810 1559 955 1588 sinistram
980 1565 1049 1595 est;
1070 1564 1099 1586 et
1116 1559 1157 1587 sie
1178 1558 1260 1587 etiam
1286 1558 1321 1585 de
1343 1558 1446 1586 ceteris
1473 1557 1634 1586 effectibus.
1677 1557 1824 1586 Habemus

305 1612 390 1649 igitur
401 1633 411 1647 ,
434 1611 514 1647 quod
529 1612 611 1651 polus
636 1611 775 1639 australis
796 1619 863 1639 acus
880 1610 1085 1647 Mag-notiam,
1102 1608 1198 1646 fluxus
1213 1609 1353 1637 Electria
1367 1610 1474 1637 actioni
1487 1608 1646 1645 subjecffic,
1663 1616 1768 1647 semper
1785 1607 1825 1636 ad

303 1665 449 1692 sinistram
476 1663 559 1700 hujus
570 1663 668 1700 fluxus
684 1670 802 1702 partem
814 1664 965 1702 pellatur,
987 1662 1012 1692 si
1029 1661 1140 1692 scilicet
1162 1660 1210 1691 ilia
1225 1660 1320 1689 fluxus
1339 1659 1454 1690 siniStra
1470 1668 1534 1689 cum
1552 1659 1666 1689 sinistra
1685 1660 1823 1688 observa·
1901 1651 1904 1657 ¹

302 1714 372 1743 toris
394 1715 542 1744 memorati
562 1713 716 1745 conveniat
737 1714 817 1753 (3).

1767 1762 1805 1792 Ο.

335 1855 352 1888 (
367 1853 404 1890 r)
428 1855 488 1883 eff.
502 1856 615 1886 Journal
630 1857 659 1882 de
676 1856 819 1891 Physique,
836 1862 888 1884 etc.
905 1858 966 1884 1821
980 1874 989 1888 ‚
1013 1858 1106 1890 Mars,
1130 1864 1189 1892 pag.
1212 1858 1260 1893 ¹6¹,
1279 1862 1355 1890 seq.;
1379 1855 1491 1882 Annales
1508 1859 1556 1880 etc.
1580 1859 1645 1880 tom.
1661 1851 1732 1879 xlv.
1761 1857 1825 1888 pag,

323 1908 334 1928 1
355 1920 362 1929 .
380 1909 408 1928 se
431 1920 440 1929 .

304 1908 320 1935 4
337 1907 486 1982 {quffl
503 1931 616 1975 Annales
632 1954 681 1975 etc.
707 1955 773 1974 tom.
788 1949 864 1977 XIV⁴
889 1956 951 1984 pag.
965 1958 1016 1984 420
1033 1957 1111 1984 seq.;
1138 1955 1203 1976 tom.
1217 1948 1274 1975 XV.
1294 1955 1355 1981 pag.
1370 1955 1418 1974 200
1436 1953 1531 1980 seqq.;
1556 1953 1620 1972 tom.
1635 1942 1743 1975 xvm,
1761 1949 1825 1976 pag‘.

304 2001 356 2025 ³20
372 2001 468 2027 seqq.;
493 1994 590 2028 Expose
606 2001 656 2021 etc.
683 1996 710 2029 §.
727 2003 771 2023 ao.

335 2037 406 2074 (3)
433 2040 494 2068 eff.
516 2041 627 2068 Annales
644 2048 693 2068 etc.
717 2049 782 2069 tom.
799 2042 857 2070 XV.
880 2050 939 2075 p2g.
958 2049 1027 2076 1975
1053 2049 1119 2069 torn.
1138 2041 1213 2068 XVI.
1240 2048 1300 2073 pagi
1321 2047 1386 2070 1223
1409 2039 1507 2072 Expose
1523 2043 1571 2065 etc.
1597 2037 1622 2070 §.
1640 2043 1682 2068 23.
1716 2034 1824 2061 obser·

304 2084 415 2112 vandum
433 2087 460 2112 in
479 2086 556 2113 hisce
575 2088 768 2121 experimentis
784 2095 841 2122 est,
861 2088 952 2122 quod,
969 2097 1022 2122 quo
1038 2089 1120 2122 maior
1138 2089 1172 2115 sit
1196 2089 1266 2122 pilae
1283 2087 1405 2120 energia,
1424 2092 1457 2112 eo
1474 2085 1558 2118 maior
1576 2091 1638 2111 acus
1652 2082 1822 2117 Magneticae

1786 2132 1825 2153 ert
