1930 2448
363 96 592 131 RESPONSIO
611 107 656 130 AD
686 99 1003 140 QUAESTIONEM
1030 105 1312 143 LITERARIAM.
1565 123 1606 157 35·

72 180 136 212 cuit
157 180 244 219 (13)
264 190 360 218 neque
382 182 474 212 libros
502 183 629 221 neglexit
650 183 743 222 (14).
786 186 822 215 ln
850 185 908 215 fine
936 189 1043 218 saeculi
1070 191 1143 221 sexti
1169 202 1298 232 magnam
1323 191 1559 233 accepit‘famam
1583 209 1600 230 e

79 231 280 270 calligraphis3
303 240 331 263 et
355 242 461 264 nomen
488 235 669 273 magistratus
695 236 843 274 cujusdam
864 237 1034 275 Augustalis
1055 249 1200 274 servatum
1229 234 1295 282 est,
1327 247 1378 283 qui
1403 256 1437 286 14
1462 250 1594 281 homines

79 286 234 316 adhibebat
249 287 285 316 ad
301 288 515 318 transcribenda
532 296 560 318 et
579 289 778 326 interpolanda
801 299 889 327 opera
910 290 1082 322 Sanctorum
1099 302 1212 330 patrum
1234 297 1335 334 (15).
1377 299 1424 329 Ex
1438 301 1483 330 his
1507 302 1596 339 igitur

76 337 189 367 collatis
210 338 404 376 testimoniis,
427 349 487 368 mea
507 340 622 376 quidem
641 340 801 375 sententia,
823 341 964 378 efficitur,
985 345 1238 381 transcriptionem
1266 348 1408 380 librorum
1422 360 1482 382 non
1499 354 1593 383 omni-

27 394 49 420 .“
75 397 115 419 no
135 391 290 426 neglectam
315 390 430 429 fuisse;
454 399 482 421 et
502 392 564 421 fieri
580 398 697 429 potest,
718 398 750 420 ut
763 392 833 421 novi
852 393 882 422 in
904 394 1114 425 Bibliothecam
1133 398 1253 435 repositi
1278 399 1388 432 fuerInt
1414 403 1500 441 libri,
1523 406 1589 435 loco

74 439 190 471 illorum
202 461 212 477 ,
234 441 285 477 qui
301 449 463 479 temporum
481 443 582 480 injuria
604 443 756 480 perierant.

65 486 70 489 ”
111 492 171 521 Sed
186 493 263 522 aliud
279 503 396 531 quoque
412 495 538 524 occurrit
558 495 666 525 dictum
684 496 714 525 iu
730 496 920 534 Abulfaragio
931 518 942 535 ,
965 499 1044 535 quod
1061 501 1114 530 arti
1132 501 1248 532 criticae
1265 512 1361 534 ansam
1378 507 1515 543 praebere
1534 518 1591 546 po·

69 548 128 572 test
142 544 178 573 ad
197 545 287 574 totius
304 546 361 575 loci
379 546 525 576 veritatem
547 547 577 576 in
597 547 717 576 dubium
739 549 939 578 revocandam.
981 550 1188 589 Abulfaragius
1202 554 1310 583 diserte
1331 555 1374 593 (l.
1394 560 1449 594 c.)
1482 579 1499 594 „
1512 559 1593 588 Dixit
1610 566 1615 574 ⁴

70 595 122 625 ille
148 596 362 634 (‚Johannes):
383 597 467 627 Libri
493 598 692 635 philosophici
713 599 763 635 qui
783 598 813 628 in
831 599 1015 631 bibliothecis
1033 602 1132 642 Regiis
1153 606 1379 644 reperiuntur-'',
1407 609 1476 638 adeo
1495 617 1527 639 ut
1539 611 1592 648 Jo-

68 647 179 678 hannes
197 657 257 679 non
278 650 427 680 Ecclesiae
451 658 499 680 aut
515 651 620 688 privati
639 652 785 689 cujusdam
803 651 858 681 viri
874 652 966 682 libros
979 674 989 689 ,
1012 655 1063 683 sed
1085 664 1213 694 magnam
1225 678 1237 694 ,
1258 658 1423 696 publicam,
1452 661 1592 691 celebrem

70 698 274 729 bibliothecam
299 708 396 738 petere
420 702 565 732 debuerit.
614 703 655 732 At
687 712 751 732 cum
775 703 916 733 confidam
941 713 987 734 me
1013 713 1196 737 ostensurum
1224 718 1290 739 esse
1318 711 1403 748 (16)
1429 712 1506 741 illam
1531 722 1592 743 non

67 751 193 787 amplius
219 752 360 781 exstitisse
391 760 520 790 tempore
543 753 748 783 Saracenorum
763 774 774 789 ,
804 760 893 783 totam
920 755 1067 794 fabulam,
1095 766 1128 788 ut
1152 769 1168 789 a
1195 760 1251 790 Bar
1272 762 1407 791 Hebraeo
1436 770 1590 800 narratur,

65 802 169 831 cadere
189 811 308 833 necesse
329 810 383 833 est.
427 804 498 834 Non
523 805 597 834 enim
621 805 708 835 verba
750 826 769 841 „
789 805 860 834 libri
873 807 1058 847 philosophici
1081 812 1131 848 qni
1148 813 1179 840 in
1201 812 1371 843 bibliothecis
1389 814 1490 853 Regiis
1515 823 1594 854 repe-

65 853 211 882 }v‘untuss'
240 854 403 892 significare
431 865 558 893 possunt
580 856 704 893 aliquam
733 856 960 895 bibliothecam,
983 868 1056 896 quae
1078 861 1108 891 in
1128 863 1236 893 Palatio
1255 865 1350 902 Regio
1374 866 1589 896 inveniebatur.

66 903 159 934 Immo
177 905 235 934 hoc
259 906 420 936 aedificium
447 907 477 937 in
501 908 627 937 Bruchio
651 908 739 937 situm
762 916 821 938 erat
850 909 938 950 (17)
963 917 992 941 et
1009 921 1067 942 una
1090 922 1156 944 cum
1173 915 1226 945 hac
1245 917 1430 947 celeberrima
1447 918 1528 948 urbis
1547 928 1592 948 re·

0 968 16 983 ‚·
64 953 173 992 gione,
193 964 329 993 regnante
351 958 528 995 Aureliano,
551 959 710 989 interlerat.

104 1005 147 1035 Et
166 1005 197 1036 in
214 1007 279 1043 ipso
299 1018 417 1045 quoque
437 1011 570 1040 incendio
591 1011 771 1042 difficultates
788 1014 926 1050 quaedam
944 1023 1125 1054 occurrunt,
1145 1026 1218 1055 quae
1232 1018 1283 1049 vix
1300 1020 1428 1057 expediri
1450 1028 1588 1058 possunt.

64 1055 272 1094 Abulfaragius
297 1058 327 1088 in
343 1059 400 1089 fine
425 1061 482 1090 loci
508 1062 710 1099 celeberrimi,
739 1064 775 1093 de
802 1074 860 1101 quo
889 1068 1021 1104 agimus,
1065 1089 1084 1105 ‚‚
1102 1070 1190 1108 jussit
1208 1079 1299 1108 crgo,
1328 1071 1446 1109 inquit,
1478 1072 1585 1102 Amrus

65 1106 154 1137 Ebno
171 1108 194 1138 ’l
211 1111 253 1139 As
271 1110 398 1149 dispergi
416 1121 448 1142 ea
468 1122 521 1150 per
536 1113 637 1144 balnea
651 1115 839 1146 Alexandriae
853 1124 940 1154 atque
955 1120 1013 1149 illis
1032 1121 1231 1152 calefaciendis
1252 1123 1422 1154 comburi.''
1464 1125 1505 1153 At
1520 1133 1586 1154 cum

64 1157 122 1188 hoe
149 1159 307 1198 scriberet,
335 1165 439 1199 procul
462 1164 552 1194 dubio
574 1174 634 1195 non
657 1166 806 1202 meminit,
825 1176 862 1196 ex
881 1177 1004 1204 quanam
1022 1172 1137 1201 materia
1155 1173 1222 1202 libri
1241 1181 1338 1203 essent
1355 1173 1503 1211 confecti;
1526 1183 1587 1204 non

62 1209 140 1240 enim
165 1210 239 1241 idem
264 1220 342 1243 esset
360 1223 393 1244 ac
417 1215 442 1245 si
465 1217 575 1247 nostris
602 1218 783 1255 temporibus
806 1219 909 1257 ingens
932 1222 1092 1252 chartarum
1114 1232 1235 1253 acervus
1265 1224 1503 1262 combureretur,
1534 1226 1585 1263 qui

39 1273 42 1277 ·
64 1259 177 1291 fumum
193 1263 308 1299 quidem
323 1272 352 1295 et
368 1266 530 1304 foetorem,
554 1269 606 1298 sed
620 1269 791 1299 caliditatem
813 1279 953 1309 quoque,
974 1273 1137 1311 emitteret3
1159 1276 1211 1305 sed
1228 1275 1295 1305 libri
1311 1283 1441 1306 veterum
1459 1278 1493 1307 ad
1509 1286 1590 1308 com-

65 1312 233 1345 bustionem
259 1325 441 1355 nequaquam
468 1327 548 1350 erant
567 1321 644 1358 apti:
667 1322 764 1352 charta
786 1322 959 1357 Pergamena
982 1333 1122 1357 vaporare
1147 1327 1262 1357 quidem
1288 1335 1406 1357 potest,
1431 1329 1479 1353 <eri
1501 1329 1585 1354 foena

62 1364 116 1394 tali
137 1366 253 1397 materia
276 1370 403 1406 repletus
423 1372 532 1401 nullam
555 1372 695 1402 flammam
719 1370 859 1408 habebit,
885 1378 915 1400 et
939 1372 1090 1409 paululum
1116 1377 1167 1400 aut
1187 1370 1261 1401 nihil
1284 1371 1436 1401 caliditatis
1462 1372 1585 1403 emittet.

29 1433 33 1436 -
64 1415 145 1446 Idem
169 1418 206 1447 de
229 1419 344 1457 Papyro
362 1421 419 1451 dici
442 1429 560 1461 potest3
584 1431 633 1461 et,
654 1424 681 1454 si
696 1424 798 1453 balnea
819 1431 873 1461 per
894 1432 946 1453 sex
968 1431 1082 1453 menses
1105 1422 1220 1452 materia
1243 1429 1300 1451 tam
1318 1422 1416 1459 inepta
1437 1423 1472 1452 ad
1490 1423 1586 1461 ignem

64 1467 288 1505 concipiendum
305 1478 354 1501 aut
371 1474 504 1503 alendum
525 1474 587 1505 fota
603 1482 719 1512 essent,
739 1474 836 1504 mirari
854 1474 955 1511 subit,
977 1483 1012 1503 ex
1031 1481 1087 1504 tam
1105 1481 1180 1504 tetro
1204 1474 1318 1504 foetore
1335 1483 1431 1512 neque
1451 1475 1585 1506 rebellio·

64 1525 130 1548 nem
155 1528 250 1557 neque
268 1530 381 1559 pestem
404 1532 496 1556 ortam
519 1535 593 1557 esse.
633 1527 691 1557 Sed
708 1528 777 1556 haec
800 1527 970 1564 mittamus,
991 1532 1020 1556 et
1043 1525 1145 1556 ultima
1169 1525 1352 1563 Abulfaragii
1374 1526 1461 1556 verba
1483 1527 1582 1556 consi-

1540 1578 1590 1606 de-

98 1651 185 1688 (¹3)
209 1654 336 1684 Hadriani
359 1659 449 1692 Epist.
466 1658 536 1694 apud
552 1660 698 1694 Vopiscum
717 1661 743 1686 in
762 1659 862 1694 Script.
883 1659 957 1692 Aug.
981 1658 1061 1687 Tom.
1078 1657 1115 1687 11.
1143 1666 1171 1693 p.
1188 1665 1239 1694 723
1262 1665 1292 1688 et
1315 1658 1421 1688 Salmas.
1448 1665 1507 1688 not.
1530 1665 1584 1687 etc.

64 1696 121 1726 mii
137 1700 236 1727 vitrum
252 1704 391 1736 conflant,
409 1705 440 1731 ab
460 1707 517 1732 aliis
532 1707 624 1734 charta
642 1707 809 1740 conficitur,
825 1707 872 1733 alii
888 1706 1086 1741 linophiniones
1105 1711 1175 1735 sunt.

97 1745 116 1780 (
127 1744 182 1782 14)
209 1749 364 1777 Philostrat.
381 1752 430 1779 vit.
448 1752 570 1786 Sophist.
584 1761 612 1787 p.
627 1753 688 1786 603.

98 1793 118 1828 (
126 1793 181 1828 15)
204 1795 404 1831 Theophylact.
422 1799 561 1828 simocatt.
585 1800 605 1828 1.
622 1806 649 1833 3.
673 1806 700 1828 c.
720 1805 744 1828 1.
767 1796 824 1826 vid.
842 1797 1022 1826 Montfaucon
1040 1797 1178 1832 Palaeogr.
1196 1798 1247 1827 Gr.
1271 1806 1300 1834 p.
1317 1806 1374 1834 109.
1394 1805 1422 1826 et
1441 1799 1533 1827 Anast.
1550 1798 1589 1826 Si·

64 1840 130 1868 nait.
147 1841 249 1875 Hodeg.
278 1843 330 1877 Op.
355 1852 382 1877 p.
399 1847 455 1878 193.

99 1885 116 1920 (
128 1885 186 1921 16)
212 1888 276 1916 vid.
302 1898 363 1923 pag.
381 1892 415 1924 36
433 1900 493 1926 sqq.
519 1892 599 1927 huius
618 1894 756 1928 opusculi.

71 1942 73 1945 ·
96 1926 179 1967 (217)
202 1934 265 1962 Vid.
291 1938 398 1963 omnino
416 1939 459 1966 Cl.
476 1940 572 1966 Mauso
580 1939 593 1967 ε’
605 1941 788 1967 Alexandrien
804 1947 883 1968 unter
900 1939 1065 1968 Ptolemaeus
1082 1938 1142 1968 dem
1160 1940 1309 1974 zweyten‚
1328 1940 1405 1974 cuius
1428 1940 1462 1967 de
1483 1941 1587 1973 Aegyp-

64 1982 95 2004 to
111 1980 242 2012 epistolae
260 1983 430 2012 inveniuntur
445 1985 476 2012 ad
495 1987 595 2014 calcem
610 1988 690 2021 primi
710 1995 738 2016 et
755 1989 867 2017 secundi
889 1989 1031 2017 voluminis
1053 1989 1111 2023 ejus
1135 1990 1374 2018 miscellaneorum
1393 1988 1409 2024 (
1420 1988 1587 2015 vermischte

66 2022 237 2062 Schriften).

916 2077 985 2112 Es
