<?xml version="1.0" encoding="UTF-8"?>
<!DOCTYPE html PUBLIC "-//W3C//DTD XHTML 1.0 Transitional//EN"
    "http://www.w3.org/TR/xhtml1/DTD/xhtml1-transitional.dtd">
<html xmlns="http://www.w3.org/1999/xhtml" xml:lang="en" lang="en">
 <head>
  <title>
</title>
<meta http-equiv="Content-Type" content="text/html;charset=utf-8" />
  <meta name='ocr-system' content='tesseract 3.04.00' />
  <meta name='ocr-capabilities' content='ocr_page ocr_carea ocr_par ocr_line ocrx_word'/>
</head>
<body>
  <div class='ocr_page' id='page_1' title='image "annalesacademiae22rijk_0149.png"; bbox 0 0 1930 2448; ppageno 0'>
   <div class='ocr_carea' id='block_1_1' title="bbox 629 93 1555 127">
    <p class='ocr_par' dir='ltr' id='par_1_1' title="bbox 629 93 1555 127">
     <span class='ocr_line' id='line_1_1' title="bbox 629 93 1555 127; baseline -0.001 -2"><span class='ocrx_word' id='word_1_1' title='bbox 629 93 1013 127; x_wconf 89' lang='lat' dir='ltr'><strong>ORATIO.</strong></span> <span class='ocrx_word' id='word_1_2' title='bbox 1518 100 1555 124; x_wconf 78' lang='lat' dir='ltr'><strong>lt</strong></span> 
     </span>
    </p>
   </div>
   <div class='ocr_carea' id='block_1_2' title="bbox 56 177 1590 2097">
    <p class='ocr_par' dir='ltr' id='par_1_2' title="bbox 72 177 1554 623">
     <span class='ocr_line' id='line_1_2' title="bbox 78 177 1554 224; baseline -0.004 -10"><span class='ocrx_word' id='word_1_3' title='bbox 78 182 260 216; x_wconf 79' lang='lat' dir='ltr'><strong>aedificium</strong></span> <span class='ocrx_word' id='word_1_4' title='bbox 286 180 511 214; x_wconf 86' lang='lat' dir='ltr'><strong>celeberrimos</strong></span> <span class='ocrx_word' id='word_1_5' title='bbox 531 180 690 220; x_wconf 88' lang='lat' dir='ltr'><strong>artifices,</strong></span> <span class='ocrx_word' id='word_1_6' title='bbox 715 180 956 220; x_wconf 85' lang='lat' dir='ltr'>observatores,</span> <span class='ocrx_word' id='word_1_7' title='bbox 981 187 1012 212; x_wconf 88' lang='lat' dir='ltr'><strong>et</strong></span> <span class='ocrx_word' id='word_1_8' title='bbox 1035 185 1274 224; x_wconf 84' lang='lat' dir='ltr'><strong>computatores</strong></span> <span class='ocrx_word' id='word_1_9' title='bbox 1307 177 1453 220; x_wconf 87' lang='lat' dir='ltr'><strong>undique</strong></span> <span class='ocrx_word' id='word_1_10' title='bbox 1476 188 1554 209; x_wconf 88' lang='lat' dir='ltr'><strong>con-</strong></span> 
     </span>
     <span class='ocr_line' id='line_1_3' title="bbox 76 234 1549 283; baseline -0.005 -11"><span class='ocrx_word' id='word_1_11' title='bbox 76 240 240 283; x_wconf 77' lang='lat' dir='ltr'><strong>gregavit,</strong></span> <span class='ocrx_word' id='word_1_12' title='bbox 261 250 345 283; x_wconf 88' lang='lat' dir='ltr'><strong>quos</strong></span> <span class='ocrx_word' id='word_1_13' title='bbox 369 238 518 282; x_wconf 86' lang='lat' dir='ltr'>plurimis</span> <span class='ocrx_word' id='word_1_14' title='bbox 544 239 605 270; x_wconf 88' lang='lat' dir='ltr'><strong>sibi</strong></span> <span class='ocrx_word' id='word_1_15' title='bbox 627 238 771 271; x_wconf 82' lang='lat' dir='ltr'><strong>devinxit</strong></span> <span class='ocrx_word' id='word_1_16' title='bbox 802 237 986 276; x_wconf 85' lang='lat' dir='ltr'><strong>beneficiis,</strong></span> <span class='ocrx_word' id='word_1_17' title='bbox 1009 238 1112 281; x_wconf 89' lang='lat' dir='ltr'><strong>iisque</strong></span> <span class='ocrx_word' id='word_1_18' title='bbox 1134 244 1203 269; x_wconf 86' lang='lat' dir='ltr'><strong>tum</strong></span> <span class='ocrx_word' id='word_1_19' title='bbox 1232 236 1407 268; x_wconf 83' lang='lat' dir='ltr'><strong>necessaria</strong></span> <span class='ocrx_word' id='word_1_20' title='bbox 1429 234 1549 266; x_wconf 83' lang='lat' dir='ltr'><strong>instru-</strong></span> 
     </span>
     <span class='ocr_line' id='line_1_4' title="bbox 76 291 1548 339; baseline -0.005 -11"><span class='ocrx_word' id='word_1_21' title='bbox 76 304 199 336; x_wconf 84' lang='lat' dir='ltr'><strong>menta,</strong></span> <span class='ocrx_word' id='word_1_22' title='bbox 222 307 362 339; x_wconf 88' lang='lat' dir='ltr'><strong>quorum</strong></span> <span class='ocrx_word' id='word_1_23' title='bbox 387 296 447 327; x_wconf 88' lang='lat' dir='ltr'><strong>alia</strong></span> <span class='ocrx_word' id='word_1_24' title='bbox 473 303 614 328; x_wconf 82' lang='lat' dir='ltr'><strong>veterem</strong></span> <span class='ocrx_word' id='word_1_25' title='bbox 639 297 834 327; x_wconf 90' lang='lat' dir='ltr'><strong>Graecorum</strong></span> <span class='ocrx_word' id='word_1_26' title='bbox 858 296 1016 326; x_wconf 83' lang='lat' dir='ltr'><strong>rationem</strong></span> <span class='ocrx_word' id='word_1_27' title='bbox 1035 295 1255 332; x_wconf 80' lang='lat' dir='ltr'><strong>imitarentur,</strong></span> <span class='ocrx_word' id='word_1_28' title='bbox 1283 293 1343 325; x_wconf 85' lang='lat' dir='ltr'><strong>alia</strong></span> <span class='ocrx_word' id='word_1_29' title='bbox 1370 301 1481 322; x_wconf 88' lang='lat' dir='ltr'><strong>recens</strong></span> <span class='ocrx_word' id='word_1_30' title='bbox 1498 291 1548 322; x_wconf 88' lang='lat' dir='ltr'><strong>in-</strong></span> 
     </span>
     <span class='ocr_line' id='line_1_5' title="bbox 73 350 1545 396; baseline -0.001 -12"><span class='ocrx_word' id='word_1_31' title='bbox 73 360 184 391; x_wconf 85' lang='lat' dir='ltr'><strong>venta,</strong></span> <span class='ocrx_word' id='word_1_32' title='bbox 209 352 360 396; x_wconf 79' lang='lat' dir='ltr'>pleraque</span> <span class='ocrx_word' id='word_1_33' title='bbox 386 365 462 386; x_wconf 88' lang='lat' dir='ltr'><strong>vero</strong></span> <span class='ocrx_word' id='word_1_34' title='bbox 486 353 642 384; x_wconf 85' lang='lat' dir='ltr'><strong>maximae</strong></span> <span class='ocrx_word' id='word_1_35' title='bbox 662 351 782 383; x_wconf 81' lang='lat' dir='ltr'><strong>formae</strong></span> <span class='ocrx_word' id='word_1_36' title='bbox 811 357 842 382; x_wconf 90' lang='lat' dir='ltr'><strong>et</strong></span> <span class='ocrx_word' id='word_1_37' title='bbox 870 350 987 382; x_wconf 71' lang='lat' dir='ltr'><strong>affabre</strong></span> <span class='ocrx_word' id='word_1_38' title='bbox 1013 350 1156 382; x_wconf 84' lang='lat' dir='ltr'><strong>confecta</strong></span> <span class='ocrx_word' id='word_1_39' title='bbox 1179 350 1301 390; x_wconf 87' lang='lat' dir='ltr'><strong>forent,</strong></span> <span class='ocrx_word' id='word_1_40' title='bbox 1329 357 1398 382; x_wconf 90' lang='lat' dir='ltr'><strong>tum</strong></span> <span class='ocrx_word' id='word_1_41' title='bbox 1424 358 1545 382; x_wconf 87' lang='lat' dir='ltr'><strong>caetera</strong></span> 
     </span>
     <span class='ocr_line' id='line_1_6' title="bbox 75 407 1547 452; baseline -0.001 -12"><span class='ocrx_word' id='word_1_42' title='bbox 75 410 203 448; x_wconf 87' lang='lat' dir='ltr'><strong>omnia,</strong></span> <span class='ocrx_word' id='word_1_43' title='bbox 224 410 343 452; x_wconf 80' lang='lat' dir='ltr'><strong>quibus</strong></span> <span class='ocrx_word' id='word_1_44' title='bbox 362 409 566 452; x_wconf 84' lang='lat' dir='ltr'><strong>indigerent,</strong></span> <span class='ocrx_word' id='word_1_45' title='bbox 591 408 672 440; x_wconf 90' lang='lat' dir='ltr'><strong>adeo</strong></span> <span class='ocrx_word' id='word_1_46' title='bbox 700 408 828 450; x_wconf 82' lang='lat' dir='ltr'><strong>largiter</strong></span> <span class='ocrx_word' id='word_1_47' title='bbox 854 408 1025 448; x_wconf 83' lang='lat' dir='ltr'><strong>concessit,</strong></span> <span class='ocrx_word' id='word_1_48' title='bbox 1048 414 1084 439; x_wconf 86' lang='lat' dir='ltr'><strong>ut</strong></span> <span class='ocrx_word' id='word_1_49' title='bbox 1111 407 1291 439; x_wconf 86' lang='lat' dir='ltr'><strong>tabularum</strong></span> <span class='ocrx_word' id='word_1_50' title='bbox 1320 408 1547 439; x_wconf 86' lang='lat' dir='ltr'><strong>astronomica-</strong></span> 
     </span>
     <span class='ocr_line' id='line_1_7' title="bbox 75 457 1543 508; baseline -0.002 -10"><span class='ocrx_word' id='word_1_51' title='bbox 75 477 147 498; x_wconf 90' lang='lat' dir='ltr'><strong>rum</strong></span> <span class='ocrx_word' id='word_1_52' title='bbox 174 466 374 503; x_wconf 78' lang='lat' dir='ltr'><strong>emendatio,</strong></span> <span class='ocrx_word' id='word_1_53' title='bbox 399 476 497 508; x_wconf 89' lang='lat' dir='ltr'><strong>quam</strong></span> <span class='ocrx_word' id='word_1_54' title='bbox 514 468 598 498; x_wconf 89' lang='lat' dir='ltr'><strong>intra</strong></span> <span class='ocrx_word' id='word_1_55' title='bbox 617 467 747 508; x_wconf 83' lang='lat' dir='ltr'><strong>triginta</strong></span> <span class='ocrx_word' id='word_1_56' title='bbox 765 474 923 495; x_wconf 89' lang='lat' dir='ltr'><strong>annorum</strong></span> <span class='ocrx_word' id='word_1_57' title='bbox 944 464 1082 507; x_wconf 85' lang='lat' dir='ltr'><strong>spatium</strong></span> <span class='ocrx_word' id='word_1_58' title='bbox 1101 474 1134 495; x_wconf 90' lang='lat' dir='ltr'><strong>se</strong></span> <span class='ocrx_word' id='word_1_59' title='bbox 1153 457 1375 496; x_wconf 84' lang='lat' dir='ltr'><strong>confecturum</strong></span> <span class='ocrx_word' id='word_1_60' title='bbox 1391 475 1458 495; x_wconf 83' lang='lat' dir='ltr'><strong>esse</strong></span> <span class='ocrx_word' id='word_1_61' title='bbox 1474 463 1543 507; x_wconf 88' lang='lat' dir='ltr'><strong>pol-</strong></span> 
     </span>
     <span class='ocr_line' id='line_1_8' title="bbox 74 520 1545 565; baseline -0.001 -10"><span class='ocrx_word' id='word_1_62' title='bbox 74 523 182 555; x_wconf 86' lang='lat' dir='ltr'><strong>licitus</strong></span> <span class='ocrx_word' id='word_1_63' title='bbox 205 523 308 555; x_wconf 86' lang='lat' dir='ltr'><strong>fuerat</strong></span> <span class='ocrx_word' id='word_1_64' title='bbox 330 522 580 564; x_wconf 88' lang='lat' dir='ltr'><strong>Nasireddinus,</strong></span> <span class='ocrx_word' id='word_1_65' title='bbox 615 523 686 565; x_wconf 86' lang='lat' dir='ltr'><strong>ipso</strong></span> <span class='ocrx_word' id='word_1_66' title='bbox 705 520 852 563; x_wconf 84' lang='lat' dir='ltr'><strong>Holagou</strong></span> <span class='ocrx_word' id='word_1_67' title='bbox 877 527 1035 564; x_wconf 81' lang='lat' dir='ltr'><strong>rogante,</strong></span> <span class='ocrx_word' id='word_1_68' title='bbox 1066 520 1237 553; x_wconf 86' lang='lat' dir='ltr'><strong>duodecim</strong></span> <span class='ocrx_word' id='word_1_69' title='bbox 1263 521 1357 552; x_wconf 87' lang='lat' dir='ltr'><strong>annis</strong></span> <span class='ocrx_word' id='word_1_70' title='bbox 1380 520 1545 554; x_wconf 84' lang='lat' dir='ltr'><strong>absolvere</strong></span> 
     </span>
     <span class='ocr_line' id='line_1_9' title="bbox 72 572 766 623; baseline 0 -12"><span class='ocrx_word' id='word_1_71' title='bbox 72 581 227 623; x_wconf 81' lang='lat' dir='ltr'><strong>potuerit.</strong></span> <span class='ocrx_word' id='word_1_72' title='bbox 757 572 766 576; x_wconf 29' lang='lat' dir='ltr'><strong><em>s</em></strong></span> 
     </span>
    </p>

    <p class='ocr_par' dir='ltr' id='par_1_3' title="bbox 62 633 1555 1076">
     <span class='ocr_line' id='line_1_10' title="bbox 113 633 1545 680; baseline -0.003 -13"><span class='ocrx_word' id='word_1_73' title='bbox 113 635 204 668; x_wconf 83' lang='lat' dir='ltr'><strong>Alter</strong></span> <span class='ocrx_word' id='word_1_74' title='bbox 228 636 268 668; x_wconf 88' lang='lat' dir='ltr'><strong>de</strong></span> <span class='ocrx_word' id='word_1_75' title='bbox 296 637 507 669; x_wconf 83' lang='lat' dir='ltr'><strong>Astronomia</strong></span> <span class='ocrx_word' id='word_1_76' title='bbox 548 636 669 680; x_wconf 82' lang='lat' dir='ltr'><strong>optime</strong></span> <span class='ocrx_word' id='word_1_77' title='bbox 708 634 841 671; x_wconf 78' lang='lat' dir='ltr'><strong>meritus</strong></span> <span class='ocrx_word' id='word_1_78' title='bbox 873 633 1089 666; x_wconf 89' lang='lat' dir='ltr'><strong>Barbarorum</strong></span> <span class='ocrx_word' id='word_1_79' title='bbox 1122 633 1270 677; x_wconf 88' lang='lat' dir='ltr'><strong>princeps</strong></span> <span class='ocrx_word' id='word_1_80' title='bbox 1298 640 1345 665; x_wconf 85' lang='lat' dir='ltr'><strong>est</strong></span> <span class='ocrx_word' id='word_1_81' title='bbox 1369 633 1545 665; x_wconf 80' lang='lat' dir='ltr'><strong>illustrissi-</strong></span> 
     </span>
     <span class='ocr_line' id='line_1_11' title="bbox 69 691 1545 737; baseline -0.002 -14"><span class='ocrx_word' id='word_1_82' title='bbox 69 703 142 724; x_wconf 86' lang='lat' dir='ltr'><strong>mus</strong></span> <span class='ocrx_word' id='word_1_83' title='bbox 164 693 251 736; x_wconf 81' lang='lat' dir='ltr'><strong>Utug</strong></span> <span class='ocrx_word' id='word_1_84' title='bbox 277 696 402 737; x_wconf 80' lang='lat' dir='ltr'><strong>Begus,</strong></span> <span class='ocrx_word' id='word_1_85' title='bbox 427 694 536 736; x_wconf 85' lang='lat' dir='ltr'><strong>magni</strong></span> <span class='ocrx_word' id='word_1_86' title='bbox 563 691 758 724; x_wconf 87' lang='lat' dir='ltr'><strong>Tamerlanis</strong></span> <span class='ocrx_word' id='word_1_87' title='bbox 785 700 903 734; x_wconf 67' lang='grc' dir='ltr'><strong>ηεροδ,</strong></span> <span class='ocrx_word' id='word_1_88' title='bbox 924 693 1127 734; x_wconf 12' lang='grc' dir='ltr'><strong>’Τεῆωτοωιῃ</strong></span> <span class='ocrx_word' id='word_1_89' title='bbox 1157 693 1354 734; x_wconf 80' lang='lat' dir='ltr'><strong>Imperator,</strong></span> <span class='ocrx_word' id='word_1_90' title='bbox 1387 697 1418 722; x_wconf 90' lang='lat' dir='ltr'><strong>et</strong></span> <span class='ocrx_word' id='word_1_91' title='bbox 1443 701 1545 733; x_wconf 85' lang='lat' dir='ltr'><strong>quan-</strong></span> 
     </span>
     <span class='ocr_line' id='line_1_12' title="bbox 68 747 1542 793; baseline -0.002 -13"><span class='ocrx_word' id='word_1_92' title='bbox 68 755 137 780; x_wconf 86' lang='lat' dir='ltr'><strong>tum</strong></span> <span class='ocrx_word' id='word_1_93' title='bbox 167 751 334 790; x_wconf 83' lang='lat' dir='ltr'><strong>novimus,</strong></span> <span class='ocrx_word' id='word_1_94' title='bbox 364 750 499 782; x_wconf 61' lang='lat' dir='ltr'><strong>ultimus</strong></span> <span class='ocrx_word' id='word_1_95' title='bbox 539 749 625 793; x_wconf 88' lang='lat' dir='ltr'><strong>apud</strong></span> <span class='ocrx_word' id='word_1_96' title='bbox 663 747 864 786; x_wconf 86' lang='lat' dir='ltr'><strong>Orientales‚</strong></span> <span class='ocrx_word' id='word_1_97' title='bbox 897 748 954 790; x_wconf 89' lang='lat' dir='ltr'><strong>qui</strong></span> <span class='ocrx_word' id='word_1_98' title='bbox 989 759 1058 779; x_wconf 90' lang='lat' dir='ltr'><strong>non</strong></span> <span class='ocrx_word' id='word_1_99' title='bbox 1088 754 1212 779; x_wconf 84' lang='lat' dir='ltr'><strong>tantum</strong></span> <span class='ocrx_word' id='word_1_100' title='bbox 1239 748 1479 780; x_wconf 79' lang='lat' dir='ltr'><strong>Astronomiam</strong></span> <span class='ocrx_word' id='word_1_101' title='bbox 1508 747 1542 777; x_wconf 87' lang='lat' dir='ltr'><strong>in</strong></span> 
     </span>
     <span class='ocr_line' id='line_1_13' title="bbox 67 803 1543 850; baseline -0.001 -14"><span class='ocrx_word' id='word_1_102' title='bbox 67 816 157 837; x_wconf 88' lang='lat' dir='ltr'><strong>suam</strong></span> <span class='ocrx_word' id='word_1_103' title='bbox 182 807 313 839; x_wconf 87' lang='lat' dir='ltr'><strong>tutelam</strong></span> <span class='ocrx_word' id='word_1_104' title='bbox 338 807 509 850; x_wconf 85' lang='lat' dir='ltr'><strong>reciperet,</strong></span> <span class='ocrx_word' id='word_1_105' title='bbox 533 805 589 838; x_wconf 88' lang='lat' dir='ltr'><strong>sed</strong></span> <span class='ocrx_word' id='word_1_106' title='bbox 609 807 705 838; x_wconf 87' lang='lat' dir='ltr'><strong>etiam</strong></span> <span class='ocrx_word' id='word_1_107' title='bbox 727 807 796 848; x_wconf 86' lang='lat' dir='ltr'><strong>ipse</strong></span> <span class='ocrx_word' id='word_1_108' title='bbox 821 805 912 835; x_wconf 83' lang='lat' dir='ltr'><strong>astris</strong></span> <span class='ocrx_word' id='word_1_109' title='bbox 935 803 1143 837; x_wconf 87' lang='lat' dir='ltr'><strong>observandis</strong></span> <span class='ocrx_word' id='word_1_110' title='bbox 1165 811 1300 837; x_wconf 88' lang='lat' dir='ltr'><strong>vacaret.</strong></span> <span class='ocrx_word' id='word_1_111' title='bbox 1334 803 1422 847; x_wconf 86' lang='lat' dir='ltr'><strong>Ulug</strong></span> <span class='ocrx_word' id='word_1_112' title='bbox 1441 806 1543 845; x_wconf 70' lang='lat' dir='ltr'><strong>Regiis</strong></span> 
     </span>
     <span class='ocr_line' id='line_1_14' title="bbox 65 860 1555 905; baseline -0.002 -12"><span class='ocrx_word' id='word_1_113' title='bbox 65 863 154 894; x_wconf 88' lang='lat' dir='ltr'><strong>enim</strong></span> <span class='ocrx_word' id='word_1_114' title='bbox 188 863 223 895; x_wconf 86' lang='lat' dir='ltr'><strong>in</strong></span> <span class='ocrx_word' id='word_1_115' title='bbox 262 864 481 896; x_wconf 85' lang='lat' dir='ltr'><strong>observatorio</strong></span> <span class='ocrx_word' id='word_1_116' title='bbox 521 862 748 895; x_wconf 76' lang='lat' dir='ltr'><strong>Samarcanclae</strong></span> <span class='ocrx_word' id='word_1_117' title='bbox 767 885 777 902; x_wconf 91' lang='lat'><strong>,</strong></span> <span class='ocrx_word' id='word_1_118' title='bbox 824 862 1023 905; x_wconf 83' lang='lat' dir='ltr'><strong>optimorum</strong></span> <span class='ocrx_word' id='word_1_119' title='bbox 1064 862 1357 893; x_wconf 80' lang='lat' dir='ltr'><strong>instrumentorum</strong></span> <span class='ocrx_word' id='word_1_120' title='bbox 1403 860 1555 902; x_wconf 47' lang='lat' dir='ltr'><strong>auxilio„</strong></span> 
     </span>
     <span class='ocr_line' id='line_1_15' title="bbox 65 917 1540 965; baseline -0.002 -15"><span class='ocrx_word' id='word_1_121' title='bbox 65 919 207 951; x_wconf 85' lang='lat' dir='ltr'><strong>siderum</strong></span> <span class='ocrx_word' id='word_1_122' title='bbox 241 933 355 953; x_wconf 86' lang='lat' dir='ltr'><strong>cursus</strong></span> <span class='ocrx_word' id='word_1_123' title='bbox 392 928 424 953; x_wconf 90' lang='lat' dir='ltr'><strong>et</strong></span> <span class='ocrx_word' id='word_1_124' title='bbox 453 921 647 965; x_wconf 86' lang='lat' dir='ltr'><strong>positionem</strong></span> <span class='ocrx_word' id='word_1_125' title='bbox 692 925 836 951; x_wconf 86' lang='lat' dir='ltr'><strong>accurate</strong></span> <span class='ocrx_word' id='word_1_126' title='bbox 877 918 1050 960; x_wconf 83' lang='lat' dir='ltr'><strong>definivit,</strong></span> <span class='ocrx_word' id='word_1_127' title='bbox 1087 919 1182 961; x_wconf 88' lang='lat' dir='ltr'><strong>cujus</strong></span> <span class='ocrx_word' id='word_1_128' title='bbox 1218 917 1338 949; x_wconf 88' lang='lat' dir='ltr'><strong>laboris</strong></span> <span class='ocrx_word' id='word_1_129' title='bbox 1375 917 1540 959; x_wconf 81' lang='lat' dir='ltr'><strong>egregium</strong></span> 
     </span>
     <span class='ocr_line' id='line_1_16' title="bbox 65 974 1542 1020; baseline -0.002 -13"><span class='ocrx_word' id='word_1_130' title='bbox 65 976 203 1008; x_wconf 88' lang='lat' dir='ltr'><strong>condere</strong></span> <span class='ocrx_word' id='word_1_131' title='bbox 225 979 330 1020; x_wconf 86' lang='lat' dir='ltr'><strong>coepit</strong></span> <span class='ocrx_word' id='word_1_132' title='bbox 359 984 630 1016; x_wconf 85' lang='lat' dir='ltr'><strong>monumentum,</strong></span> <span class='ocrx_word' id='word_1_133' title='bbox 660 976 825 1008; x_wconf 83' lang='lat' dir='ltr'><strong>stellarum</strong></span> <span class='ocrx_word' id='word_1_134' title='bbox 853 987 970 1019; x_wconf 84' lang='lat' dir='ltr'><strong>nempe</strong></span> <span class='ocrx_word' id='word_1_135' title='bbox 997 976 1133 1007; x_wconf 81' lang='lat' dir='ltr'><strong>fixarum</strong></span> <span class='ocrx_word' id='word_1_136' title='bbox 1160 975 1363 1018; x_wconf 83' lang='lat' dir='ltr'><strong>catalogum,</strong></span> <span class='ocrx_word' id='word_1_137' title='bbox 1388 974 1445 1017; x_wconf 89' lang='lat' dir='ltr'><strong>qui</strong></span> <span class='ocrx_word' id='word_1_138' title='bbox 1469 979 1542 1016; x_wconf 87' lang='lat' dir='ltr'><strong>post</strong></span> 
     </span>
     <span class='ocr_line' id='line_1_17' title="bbox 62 1031 1278 1076; baseline 0 -12"><span class='ocrx_word' id='word_1_139' title='bbox 62 1034 133 1076; x_wconf 84' lang='lat' dir='ltr'><strong>ejus</strong></span> <span class='ocrx_word' id='word_1_140' title='bbox 159 1040 295 1065; x_wconf 86' lang='lat' dir='ltr'><strong>mortem</strong></span> <span class='ocrx_word' id='word_1_141' title='bbox 320 1033 382 1066; x_wconf 90' lang='lat' dir='ltr'><strong>fuit</strong></span> <span class='ocrx_word' id='word_1_142' title='bbox 406 1034 573 1066; x_wconf 86' lang='lat' dir='ltr'><strong>absolutus</strong></span> <span class='ocrx_word' id='word_1_143' title='bbox 602 1041 634 1065; x_wconf 90' lang='lat' dir='ltr'><strong>et</strong></span> <span class='ocrx_word' id='word_1_144' title='bbox 661 1033 701 1064; x_wconf 87' lang='lat' dir='ltr'><strong>ad</strong></span> <span class='ocrx_word' id='word_1_145' title='bbox 731 1033 819 1064; x_wconf 93' lang='lat' dir='ltr'><strong>hunc</strong></span> <span class='ocrx_word' id='word_1_146' title='bbox 840 1042 944 1075; x_wconf 88' lang='lat' dir='ltr'><strong>usque</strong></span> <span class='ocrx_word' id='word_1_147' title='bbox 969 1032 1055 1063; x_wconf 85' lang='lat' dir='ltr'><strong>diem</strong></span> <span class='ocrx_word' id='word_1_148' title='bbox 1082 1031 1278 1074; x_wconf 80' lang='lat' dir='ltr'><strong>perduravit.</strong></span> 
     </span>
    </p>

    <p class='ocr_par' dir='ltr' id='par_1_4' title="bbox 56 1087 1590 1811">
     <span class='ocr_line' id='line_1_18' title="bbox 106 1087 1590 1134; baseline -0.004 -11"><span class='ocrx_word' id='word_1_149' title='bbox 106 1092 218 1134; x_wconf 84' lang='lat' dir='ltr'><strong>Neque</strong></span> <span class='ocrx_word' id='word_1_150' title='bbox 237 1101 315 1123; x_wconf 85' lang='lat' dir='ltr'><strong>vero</strong></span> <span class='ocrx_word' id='word_1_151' title='bbox 342 1090 382 1122; x_wconf 93' lang='lat' dir='ltr'><strong>iis</strong></span> <span class='ocrx_word' id='word_1_152' title='bbox 408 1097 550 1133; x_wconf 79' lang='lat' dir='ltr'><strong>tantum,</strong></span> <span class='ocrx_word' id='word_1_153' title='bbox 585 1101 667 1134; x_wconf 88' lang='lat' dir='ltr'><strong>quae</strong></span> <span class='ocrx_word' id='word_1_154' title='bbox 695 1090 969 1128; x_wconf 87' lang='lat' dir='ltr'><strong>memoravimus,</strong></span> <span class='ocrx_word' id='word_1_155' title='bbox 999 1088 1226 1121; x_wconf 83' lang='lat' dir='ltr'><strong>observatoriis</strong></span> <span class='ocrx_word' id='word_1_156' title='bbox 1248 1088 1426 1120; x_wconf 83' lang='lat' dir='ltr'><strong>condendis</strong></span> <span class='ocrx_word' id='word_1_157' title='bbox 1449 1087 1538 1131; x_wconf 84' lang='lat' dir='ltr'><strong>prin·</strong></span> <span class='ocrx_word' id='word_1_158' title='bbox 1585 1113 1590 1116; x_wconf 85' lang='lat'><strong>.</strong></span> 
     </span>
     <span class='ocr_line' id='line_1_19' title="bbox 63 1144 1536 1191; baseline -0.004 -11"><span class='ocrx_word' id='word_1_159' title='bbox 63 1147 149 1190; x_wconf 81' lang='lat' dir='ltr'><strong>cipes</strong></span> <span class='ocrx_word' id='word_1_160' title='bbox 176 1148 353 1180; x_wconf 83' lang='lat' dir='ltr'><strong>Orientales</strong></span> <span class='ocrx_word' id='word_1_161' title='bbox 377 1159 473 1180; x_wconf 91' lang='lat' dir='ltr'><strong>suum</strong></span> <span class='ocrx_word' id='word_1_162' title='bbox 492 1158 568 1191; x_wconf 84' lang='lat' dir='ltr'><strong>erga</strong></span> <span class='ocrx_word' id='word_1_163' title='bbox 587 1148 826 1179; x_wconf 84' lang='lat' dir='ltr'><strong>Astronomiam</strong></span> <span class='ocrx_word' id='word_1_164' title='bbox 849 1156 991 1178; x_wconf 88' lang='lat' dir='ltr'><strong>amorem</strong></span> <span class='ocrx_word' id='word_1_165' title='bbox 1008 1144 1264 1178; x_wconf 84' lang='lat' dir='ltr'><strong>manifestarunt.</strong></span> <span class='ocrx_word' id='word_1_166' title='bbox 1312 1145 1386 1177; x_wconf 85' lang='lat' dir='ltr'><strong>Alia</strong></span> <span class='ocrx_word' id='word_1_167' title='bbox 1405 1154 1536 1188; x_wconf 83' lang='lat' dir='ltr'><strong>quoque</strong></span> 
     </span>
     <span class='ocr_line' id='line_1_20' title="bbox 63 1202 1538 1248; baseline -0.002 -13"><span class='ocrx_word' id='word_1_168' title='bbox 63 1206 98 1236; x_wconf 89' lang='lat' dir='ltr'><strong>in</strong></span> <span class='ocrx_word' id='word_1_169' title='bbox 115 1204 185 1237; x_wconf 89' lang='lat' dir='ltr'><strong>aliis</strong></span> <span class='ocrx_word' id='word_1_170' title='bbox 203 1205 407 1248; x_wconf 59' lang='lat' dir='ltr'><strong>regffinibus,</strong></span> <span class='ocrx_word' id='word_1_171' title='bbox 430 1205 530 1238; x_wconf 86' lang='lat' dir='ltr'><strong>veluti</strong></span> <span class='ocrx_word' id='word_1_172' title='bbox 547 1205 756 1244; x_wconf 81' lang='lat' dir='ltr'><strong>Khorasana,</strong></span> <span class='ocrx_word' id='word_1_173' title='bbox 775 1203 897 1235; x_wconf 83' lang='lat' dir='ltr'><strong>Africae</strong></span> <span class='ocrx_word' id='word_1_174' title='bbox 916 1204 1009 1236; x_wconf 85' lang='lat' dir='ltr'><strong>litore</strong></span> <span class='ocrx_word' id='word_1_175' title='bbox 1026 1202 1244 1242; x_wconf 65' lang='lat' dir='ltr'><strong>Occidentem,</strong></span> <span class='ocrx_word' id='word_1_176' title='bbox 1271 1203 1305 1234; x_wconf 92' lang='lat' dir='ltr'><strong>in</strong></span> <span class='ocrx_word' id='word_1_177' title='bbox 1324 1202 1406 1234; x_wconf 87' lang='lat' dir='ltr'><strong>urbe</strong></span> <span class='ocrx_word' id='word_1_178' title='bbox 1426 1204 1538 1232; x_wconf 83' lang='lat' dir='ltr'><strong>Hama-</strong></span> 
     </span>
     <span class='ocr_line' id='line_1_21' title="bbox 61 1260 1538 1306; baseline -0.003 -14"><span class='ocrx_word' id='word_1_179' title='bbox 61 1260 145 1293; x_wconf 84' lang='lat' dir='ltr'><strong>dane</strong></span> <span class='ocrx_word' id='word_1_180' title='bbox 161 1261 294 1305; x_wconf 86' lang='lat' dir='ltr'><strong>aliisque</strong></span> <span class='ocrx_word' id='word_1_181' title='bbox 312 1264 416 1294; x_wconf 81' lang='lat' dir='ltr'><strong>Iracae</strong></span> <span class='ocrx_word' id='word_1_182' title='bbox 436 1263 577 1294; x_wconf 87' lang='lat' dir='ltr'><strong>Persicae</strong></span> <span class='ocrx_word' id='word_1_183' title='bbox 598 1262 725 1306; x_wconf 88' lang='lat' dir='ltr'><strong>oppidis</strong></span> <span class='ocrx_word' id='word_1_184' title='bbox 743 1267 902 1292; x_wconf 84' lang='lat' dir='ltr'><strong>exstructa</strong></span> <span class='ocrx_word' id='word_1_185' title='bbox 923 1260 1021 1292; x_wconf 85' lang='lat' dir='ltr'><strong>fuisse</strong></span> <span class='ocrx_word' id='word_1_186' title='bbox 1039 1260 1225 1303; x_wconf 82' lang='lat' dir='ltr'><strong>reperimus.</strong></span> <span class='ocrx_word' id='word_1_187' title='bbox 1264 1260 1354 1300; x_wconf 86' lang='lat' dir='ltr'><strong>Quin</strong></span> <span class='ocrx_word' id='word_1_188' title='bbox 1372 1266 1403 1289; x_wconf 89' lang='lat' dir='ltr'><strong>et</strong></span> <span class='ocrx_word' id='word_1_189' title='bbox 1425 1260 1538 1301; x_wconf 85' lang='lat' dir='ltr'><strong>Hispa-</strong></span> 
     </span>
     <span class='ocr_line' id='line_1_22' title="bbox 61 1314 1537 1361; baseline -0.002 -13"><span class='ocrx_word' id='word_1_190' title='bbox 61 1314 149 1349; x_wconf 87' lang='lat' dir='ltr'><strong>niam</strong></span> <span class='ocrx_word' id='word_1_191' title='bbox 168 1318 207 1349; x_wconf 89' lang='lat' dir='ltr'><strong>iis</strong></span> <span class='ocrx_word' id='word_1_192' title='bbox 223 1318 400 1350; x_wconf 83' lang='lat' dir='ltr'><strong>abundasse</strong></span> <span class='ocrx_word' id='word_1_193' title='bbox 427 1318 609 1351; x_wconf 87' lang='lat' dir='ltr'><strong>verosimile</strong></span> <span class='ocrx_word' id='word_1_194' title='bbox 626 1325 691 1357; x_wconf 86' lang='lat' dir='ltr'><strong>est,</strong></span> <span class='ocrx_word' id='word_1_195' title='bbox 716 1329 799 1361; x_wconf 86' lang='lat' dir='ltr'><strong>quae</strong></span> <span class='ocrx_word' id='word_1_196' title='bbox 817 1324 931 1350; x_wconf 84' lang='lat' dir='ltr'><strong>octavo</strong></span> <span class='ocrx_word' id='word_1_197' title='bbox 948 1320 1015 1361; x_wconf 83' lang='lat' dir='ltr'><strong>jam</strong></span> <span class='ocrx_word' id='word_1_198' title='bbox 1032 1317 1141 1349; x_wconf 87' lang='lat' dir='ltr'><strong>seculo</strong></span> <span class='ocrx_word' id='word_1_199' title='bbox 1158 1316 1279 1350; x_wconf 82' lang='lat' dir='ltr'><strong>Arabes</strong></span> <span class='ocrx_word' id='word_1_200' title='bbox 1299 1316 1338 1348; x_wconf 89' lang='lat' dir='ltr'><strong>ad</strong></span> <span class='ocrx_word' id='word_1_201' title='bbox 1354 1327 1386 1348; x_wconf 89' lang='lat' dir='ltr'><strong>se</strong></span> <span class='ocrx_word' id='word_1_202' title='bbox 1405 1315 1537 1347; x_wconf 84' lang='lat' dir='ltr'><strong>transla-</strong></span> 
     </span>
     <span class='ocr_line' id='line_1_23' title="bbox 60 1372 1535 1421; baseline -0.003 -13"><span class='ocrx_word' id='word_1_203' title='bbox 60 1383 109 1408; x_wconf 78' lang='lat' dir='ltr'><strong>tos</strong></span> <span class='ocrx_word' id='word_1_204' title='bbox 126 1377 228 1416; x_wconf 77' lang='lat' dir='ltr'><strong>vidit,</strong></span> <span class='ocrx_word' id='word_1_205' title='bbox 245 1384 341 1421; x_wconf 84' lang='lat' dir='ltr'><strong>atque</strong></span> <span class='ocrx_word' id='word_1_206' title='bbox 355 1378 443 1410; x_wconf 88' lang='lat' dir='ltr'><strong>haud</strong></span> <span class='ocrx_word' id='word_1_207' title='bbox 464 1378 520 1409; x_wconf 89' lang='lat' dir='ltr'><strong>diu</strong></span> <span class='ocrx_word' id='word_1_208' title='bbox 540 1384 613 1421; x_wconf 88' lang='lat' dir='ltr'><strong>post</strong></span> <span class='ocrx_word' id='word_1_209' title='bbox 625 1384 827 1409; x_wconf 82' lang='lat' dir='ltr'><strong>astronomos</strong></span> <span class='ocrx_word' id='word_1_210' title='bbox 844 1377 957 1419; x_wconf 83' lang='lat' dir='ltr'><strong>genuit</strong></span> <span class='ocrx_word' id='word_1_211' title='bbox 974 1382 1005 1407; x_wconf 87' lang='lat' dir='ltr'><strong>et</strong></span> <span class='ocrx_word' id='word_1_212' title='bbox 1022 1374 1101 1405; x_wconf 79' lang='lat' dir='ltr'><strong>aluit</strong></span> <span class='ocrx_word' id='word_1_213' title='bbox 1117 1374 1250 1406; x_wconf 89' lang='lat' dir='ltr'><strong>minime</strong></span> <span class='ocrx_word' id='word_1_214' title='bbox 1271 1372 1535 1406; x_wconf 80' lang='lat' dir='ltr'><strong>contemnendos.</strong></span> 
     </span>
     <span class='ocr_line' id='line_1_24' title="bbox 61 1429 1536 1478; baseline -0.005 -12"><span class='ocrx_word' id='word_1_215' title='bbox 61 1434 115 1466; x_wconf 91' lang='lat' dir='ltr'><strong>Sic</strong></span> <span class='ocrx_word' id='word_1_216' title='bbox 134 1445 265 1477; x_wconf 88' lang='lat' dir='ltr'><strong>quoque</strong></span> <span class='ocrx_word' id='word_1_217' title='bbox 281 1434 410 1466; x_wconf 82' lang='lat' dir='ltr'><strong>silentio</strong></span> <span class='ocrx_word' id='word_1_218' title='bbox 427 1435 747 1478; x_wconf 86' lang='lat' dir='ltr'><strong>praetermittendum</strong></span> <span class='ocrx_word' id='word_1_219' title='bbox 767 1445 834 1464; x_wconf 89' lang='lat' dir='ltr'><strong>non</strong></span> <span class='ocrx_word' id='word_1_220' title='bbox 853 1440 900 1465; x_wconf 88' lang='lat' dir='ltr'><strong>est</strong></span> <span class='ocrx_word' id='word_1_221' title='bbox 916 1432 1171 1465; x_wconf 83' lang='lat' dir='ltr'><strong>observatorium</strong></span> <span class='ocrx_word' id='word_1_222' title='bbox 1190 1434 1224 1462; x_wconf 92' lang='lat' dir='ltr'><strong>in</strong></span> <span class='ocrx_word' id='word_1_223' title='bbox 1243 1432 1332 1474; x_wconf 86' lang='lat' dir='ltr'><strong>Syria</strong></span> <span class='ocrx_word' id='word_1_224' title='bbox 1352 1429 1536 1467; x_wconf 85' lang='lat' dir='ltr'><strong>conditum,</strong></span> 
     </span>
     <span class='ocr_line' id='line_1_25' title="bbox 61 1487 1535 1535; baseline -0.004 -13"><span class='ocrx_word' id='word_1_225' title='bbox 61 1498 93 1522; x_wconf 87' lang='lat' dir='ltr'><strong>et</strong></span> <span class='ocrx_word' id='word_1_226' title='bbox 113 1492 282 1523; x_wconf 81' lang='lat' dir='ltr'><strong>recentiori</strong></span> <span class='ocrx_word' id='word_1_227' title='bbox 300 1498 460 1535; x_wconf 89' lang='lat' dir='ltr'><strong>tempore,</strong></span> <span class='ocrx_word' id='word_1_228' title='bbox 479 1500 616 1524; x_wconf 77' lang='lat' dir='ltr'><strong>exeunte</strong></span> <span class='ocrx_word' id='word_1_229' title='bbox 634 1493 754 1524; x_wconf 89' lang='lat' dir='ltr'><strong>scilicet</strong></span> <span class='ocrx_word' id='word_1_230' title='bbox 771 1491 880 1523; x_wconf 85' lang='lat' dir='ltr'><strong>seculo</strong></span> <span class='ocrx_word' id='word_1_231' title='bbox 899 1489 1024 1522; x_wconf 85' lang='lat' dir='ltr'><strong>decimo</strong></span> <span class='ocrx_word' id='word_1_232' title='bbox 1043 1496 1151 1530; x_wconf 82' lang='lat' dir='ltr'><strong>sexto,</strong></span> <span class='ocrx_word' id='word_1_233' title='bbox 1175 1489 1237 1521; x_wconf 87' lang='lat' dir='ltr'><strong>lbn</strong></span> <span class='ocrx_word' id='word_1_234' title='bbox 1252 1489 1291 1521; x_wconf 83' lang='lat' dir='ltr'><strong>Al</strong></span> <span class='ocrx_word' id='word_1_235' title='bbox 1310 1487 1453 1522; x_wconf 72' lang='lat' dir='ltr'><strong>Schateri</strong></span> <span class='ocrx_word' id='word_1_236' title='bbox 1479 1496 1535 1516; x_wconf 89' lang='lat' dir='ltr'><strong>cu-</strong></span> 
     </span>
     <span class='ocr_line' id='line_1_26' title="bbox 62 1542 1534 1594; baseline -0.003 -16"><span class='ocrx_word' id='word_1_237' title='bbox 62 1558 115 1578; x_wconf 85' lang='lat' dir='ltr'><strong>rae</strong></span> <span class='ocrx_word' id='word_1_238' title='bbox 135 1548 361 1588; x_wconf 83' lang='lat' dir='ltr'><strong>commissum,</strong></span> <span class='ocrx_word' id='word_1_239' title='bbox 388 1550 445 1594; x_wconf 92' lang='lat' dir='ltr'><strong>qui</strong></span> <span class='ocrx_word' id='word_1_240' title='bbox 464 1556 587 1593; x_wconf 87' lang='lat' dir='ltr'><strong>praeter</strong></span> <span class='ocrx_word' id='word_1_241' title='bbox 607 1549 666 1581; x_wconf 88' lang='lat' dir='ltr'><strong>alia</strong></span> <span class='ocrx_word' id='word_1_242' title='bbox 687 1549 846 1593; x_wconf 87' lang='lat' dir='ltr'><strong>praeclara</strong></span> <span class='ocrx_word' id='word_1_243' title='bbox 861 1558 957 1592; x_wconf 88' lang='lat' dir='ltr'><strong>opera</strong></span> <span class='ocrx_word' id='word_1_244' title='bbox 975 1548 1206 1587; x_wconf 83' lang='lat' dir='ltr'><strong>astronomica,</strong></span> <span class='ocrx_word' id='word_1_245' title='bbox 1230 1547 1364 1590; x_wconf 84' lang='lat' dir='ltr'><strong>jubente</strong></span> <span class='ocrx_word' id='word_1_246' title='bbox 1381 1542 1534 1577; x_wconf 86' lang='lat' dir='ltr'><strong>Mourade</strong></span> 
     </span>
     <span class='ocr_line' id='line_1_27' title="bbox 62 1603 1535 1650; baseline -0.003 -15"><span class='ocrx_word' id='word_1_247' title='bbox 62 1604 114 1636; x_wconf 81' lang='lat' dir='ltr'><strong>vel</strong></span> <span class='ocrx_word' id='word_1_248' title='bbox 130 1605 335 1645; x_wconf 83' lang='lat' dir='ltr'><strong>Amuratho,</strong></span> <span class='ocrx_word' id='word_1_249' title='bbox 360 1606 494 1639; x_wconf 89' lang='lat' dir='ltr'><strong>Sultano</strong></span> <span class='ocrx_word' id='word_1_250' title='bbox 510 1606 886 1650; x_wconf 85' lang='lat' dir='ltr'><strong>Constantinopolitano,</strong></span> <span class='ocrx_word' id='word_1_251' title='bbox 913 1604 1035 1636; x_wconf 89' lang='lat' dir='ltr'><strong>tabulas</strong></span> <span class='ocrx_word' id='word_1_252' title='bbox 1056 1605 1182 1647; x_wconf 81' lang='lat' dir='ltr'><strong>scripsit</strong></span> <span class='ocrx_word' id='word_1_253' title='bbox 1207 1603 1457 1641; x_wconf 81' lang='lat' dir='ltr'><strong>astronomicas,</strong></span> <span class='ocrx_word' id='word_1_254' title='bbox 1487 1607 1535 1632; x_wconf 83' lang='lat' dir='ltr'><strong>at·</strong></span> 
     </span>
     <span class='ocr_line' id='line_1_28' title="bbox 60 1660 1534 1707; baseline -0.002 -15"><span class='ocrx_word' id='word_1_255' title='bbox 60 1672 125 1704; x_wconf 86' lang='lat' dir='ltr'><strong>que</strong></span> <span class='ocrx_word' id='word_1_256' title='bbox 142 1672 180 1692; x_wconf 89' lang='lat' dir='ltr'><strong>eo</strong></span> <span class='ocrx_word' id='word_1_257' title='bbox 202 1663 360 1705; x_wconf 87' lang='lat' dir='ltr'><strong>imprimis</strong></span> <span class='ocrx_word' id='word_1_258' title='bbox 378 1663 479 1696; x_wconf 85' lang='lat' dir='ltr'><strong>famae</strong></span> <span class='ocrx_word' id='word_1_259' title='bbox 493 1674 568 1696; x_wconf 93' lang='lat' dir='ltr'><strong>suae</strong></span> <span class='ocrx_word' id='word_1_260' title='bbox 585 1663 766 1702; x_wconf 84' lang='lat' dir='ltr'><strong>consuluit,</strong></span> <span class='ocrx_word' id='word_1_261' title='bbox 783 1662 872 1707; x_wconf 84' lang='lat' dir='ltr'><strong>quod</strong></span> <span class='ocrx_word' id='word_1_262' title='bbox 889 1673 907 1693; x_wconf 90' lang='lat' dir='ltr'><strong>a</strong></span> <span class='ocrx_word' id='word_1_263' title='bbox 926 1663 1121 1693; x_wconf 75' lang='lat' dir='ltr'><strong>Graecorum</strong></span> <span class='ocrx_word' id='word_1_264' title='bbox 1142 1661 1290 1701; x_wconf 86' lang='lat' dir='ltr'><strong>theoriis,</strong></span> <span class='ocrx_word' id='word_1_265' title='bbox 1310 1660 1350 1692; x_wconf 87' lang='lat' dir='ltr'><strong>ad</strong></span> <span class='ocrx_word' id='word_1_266' title='bbox 1364 1670 1459 1691; x_wconf 87' lang='lat' dir='ltr'><strong>suum</strong></span> <span class='ocrx_word' id='word_1_267' title='bbox 1482 1668 1534 1689; x_wconf 90' lang='lat' dir='ltr'><strong>us·</strong></span> 
     </span>
     <span class='ocr_line' id='line_1_29' title="bbox 59 1713 1534 1764; baseline -0.003 -15"><span class='ocrx_word' id='word_1_268' title='bbox 59 1728 122 1760; x_wconf 90' lang='lat' dir='ltr'><strong>que</strong></span> <span class='ocrx_word' id='word_1_269' title='bbox 141 1725 267 1761; x_wconf 84' lang='lat' dir='ltr'><strong>tempus</strong></span> <span class='ocrx_word' id='word_1_270' title='bbox 285 1720 337 1763; x_wconf 84' lang='lat' dir='ltr'><strong>pie</strong></span> <span class='ocrx_word' id='word_1_271' title='bbox 355 1713 526 1764; x_wconf 77' lang='lat' dir='ltr'><strong>sancteque</strong></span> <span class='ocrx_word' id='word_1_272' title='bbox 546 1721 692 1761; x_wconf 85' lang='lat' dir='ltr'><strong>servatis,</strong></span> <span class='ocrx_word' id='word_1_273' title='bbox 724 1721 799 1763; x_wconf 84' lang='lat' dir='ltr'><strong>prin</strong></span> <span class='ocrx_word' id='word_1_274' title='bbox 835 1731 849 1751; x_wconf 79' lang='lat' dir='ltr'><strong>s</strong></span> <span class='ocrx_word' id='word_1_275' title='bbox 866 1718 1030 1758; x_wconf 80' lang='lat' dir='ltr'><strong>recedere,</strong></span> <span class='ocrx_word' id='word_1_276' title='bbox 1067 1717 1278 1761; x_wconf 80' lang='lat' dir='ltr'><strong>melioresque</strong></span> <span class='ocrx_word' id='word_1_277' title='bbox 1302 1718 1335 1749; x_wconf 89' lang='lat' dir='ltr'><strong>in</strong></span> <span class='ocrx_word' id='word_1_278' title='bbox 1356 1726 1466 1748; x_wconf 84' lang='lat' dir='ltr'><strong>earum</strong></span> <span class='ocrx_word' id='word_1_279' title='bbox 1486 1714 1534 1745; x_wconf 78' lang='lat' dir='ltr'><strong>lu-</strong></span> 
     </span>
     <span class='ocr_line' id='line_1_30' title="bbox 56 1775 525 1811; baseline 0.011 -6"><span class='ocrx_word' id='word_1_280' title='bbox 56 1785 131 1806; x_wconf 87' lang='lat' dir='ltr'><strong>cum</strong></span> <span class='ocrx_word' id='word_1_281' title='bbox 150 1775 342 1808; x_wconf 86' lang='lat' dir='ltr'><strong>substituere</strong></span> <span class='ocrx_word' id='word_1_282' title='bbox 362 1788 458 1809; x_wconf 89' lang='lat' dir='ltr'><strong>ausus</strong></span> <span class='ocrx_word' id='word_1_283' title='bbox 474 1779 525 1811; x_wconf 87' lang='lat' dir='ltr'><strong>sit.</strong></span> 
     </span>
    </p>

    <p class='ocr_par' dir='ltr' id='par_1_5' title="bbox 58 1831 1529 2048">
     <span class='ocr_line' id='line_1_31' title="bbox 106 1831 1529 1877; baseline -0.003 -13"><span class='ocrx_word' id='word_1_284' title='bbox 106 1831 178 1864; x_wconf 82' lang='lat' dir='ltr'><strong>Alia</strong></span> <span class='ocrx_word' id='word_1_285' title='bbox 208 1844 268 1864; x_wconf 84' lang='lat' dir='ltr'><strong>nec</strong></span> <span class='ocrx_word' id='word_1_286' title='bbox 294 1834 473 1877; x_wconf 85' lang='lat' dir='ltr'><strong>spernenda</strong></span> <span class='ocrx_word' id='word_1_287' title='bbox 501 1835 619 1867; x_wconf 82' lang='lat' dir='ltr'><strong>auxilia</strong></span> <span class='ocrx_word' id='word_1_288' title='bbox 640 1835 732 1866; x_wconf 86' lang='lat' dir='ltr'><strong>istius</strong></span> <span class='ocrx_word' id='word_1_289' title='bbox 752 1835 821 1866; x_wconf 83' lang='lat' dir='ltr'><strong>aevi</strong></span> <span class='ocrx_word' id='word_1_290' title='bbox 847 1833 1024 1866; x_wconf 85' lang='lat' dir='ltr'><strong>astronomi</strong></span> <span class='ocrx_word' id='word_1_291' title='bbox 1048 1832 1232 1865; x_wconf 87' lang='lat' dir='ltr'><strong>habuerunt</strong></span> <span class='ocrx_word' id='word_1_292' title='bbox 1257 1832 1382 1875; x_wconf 83' lang='lat' dir='ltr'><strong>egregia</strong></span> <span class='ocrx_word' id='word_1_293' title='bbox 1410 1831 1529 1861; x_wconf 87' lang='lat' dir='ltr'><strong>instru-</strong></span> 
     </span>
     <span class='ocr_line' id='line_1_32' title="bbox 58 1887 1526 1936; baseline -0.003 -16"><span class='ocrx_word' id='word_1_294' title='bbox 58 1895 191 1928; x_wconf 81' lang='lat' dir='ltr'><strong>menta,</strong></span> <span class='ocrx_word' id='word_1_295' title='bbox 224 1889 344 1933; x_wconf 88' lang='lat' dir='ltr'><strong>quibus</strong></span> <span class='ocrx_word' id='word_1_296' title='bbox 377 1893 504 1936; x_wconf 83' lang='lat' dir='ltr'><strong>singula</strong></span> <span class='ocrx_word' id='word_1_297' title='bbox 539 1893 755 1925; x_wconf 83' lang='lat' dir='ltr'><strong>observatoria</strong></span> <span class='ocrx_word' id='word_1_298' title='bbox 794 1898 905 1923; x_wconf 89' lang='lat' dir='ltr'><strong>ornata</strong></span> <span class='ocrx_word' id='word_1_299' title='bbox 939 1890 1036 1922; x_wconf 86' lang='lat' dir='ltr'><strong>fuisse</strong></span> <span class='ocrx_word' id='word_1_300' title='bbox 1074 1891 1141 1933; x_wconf 87' lang='lat' dir='ltr'><strong>jam</strong></span> <span class='ocrx_word' id='word_1_301' title='bbox 1170 1890 1339 1933; x_wconf 85' lang='lat' dir='ltr'><strong>aliquoties</strong></span> <span class='ocrx_word' id='word_1_302' title='bbox 1377 1887 1526 1918; x_wconf 81' lang='lat' dir='ltr'><strong>diximus.</strong></span> 
     </span>
     <span class='ocr_line' id='line_1_33' title="bbox 58 1945 1527 1990; baseline -0.002 -14"><span class='ocrx_word' id='word_1_303' title='bbox 58 1945 197 1977; x_wconf 84' lang='lat' dir='ltr'><strong>Multum</strong></span> <span class='ocrx_word' id='word_1_304' title='bbox 222 1948 353 1990; x_wconf 86' lang='lat' dir='ltr'><strong>quidem</strong></span> <span class='ocrx_word' id='word_1_305' title='bbox 379 1949 411 1980; x_wconf 90' lang='lat' dir='ltr'><strong>in</strong></span> <span class='ocrx_word' id='word_1_306' title='bbox 437 1950 496 1981; x_wconf 85' lang='lat' dir='ltr'><strong>hac</strong></span> <span class='ocrx_word' id='word_1_307' title='bbox 524 1949 700 1983; x_wconf 78' lang='lat' dir='ltr'><strong>orientalis</strong></span> <span class='ocrx_word' id='word_1_308' title='bbox 726 1949 955 1987; x_wconf 81' lang='lat' dir='ltr'><strong>Astronomiae</strong></span> <span class='ocrx_word' id='word_1_309' title='bbox 982 1954 1070 1990; x_wconf 87' lang='lat' dir='ltr'><strong>parte</strong></span> <span class='ocrx_word' id='word_1_310' title='bbox 1096 1948 1263 1989; x_wconf 84' lang='lat' dir='ltr'><strong>hucusque</strong></span> <span class='ocrx_word' id='word_1_311' title='bbox 1287 1952 1336 1978; x_wconf 87' lang='lat' dir='ltr'><strong>est</strong></span> <span class='ocrx_word' id='word_1_312' title='bbox 1361 1946 1527 1987; x_wconf 79' lang='lat' dir='ltr'><strong>ignotum3</strong></span> 
     </span>
     <span class='ocr_line' id='line_1_34' title="bbox 61 2000 1527 2048; baseline -0.003 -13"><span class='ocrx_word' id='word_1_313' title='bbox 61 2000 96 2032; x_wconf 85' lang='lat' dir='ltr'><strong>id</strong></span> <span class='ocrx_word' id='word_1_314' title='bbox 119 2013 195 2035; x_wconf 85' lang='lat' dir='ltr'><strong>vero</strong></span> <span class='ocrx_word' id='word_1_315' title='bbox 222 2004 335 2047; x_wconf 86' lang='lat' dir='ltr'><strong>procul</strong></span> <span class='ocrx_word' id='word_1_316' title='bbox 358 2003 459 2037; x_wconf 87' lang='lat' dir='ltr'><strong>dubio</strong></span> <span class='ocrx_word' id='word_1_317' title='bbox 482 2012 627 2046; x_wconf 81' lang='lat' dir='ltr'><strong>constat,</strong></span> <span class='ocrx_word' id='word_1_318' title='bbox 652 2005 865 2038; x_wconf 86' lang='lat' dir='ltr'><strong>Orientalium</strong></span> <span class='ocrx_word' id='word_1_319' title='bbox 894 2007 1125 2046; x_wconf 80' lang='lat' dir='ltr'><strong>instrumenta,</strong></span> <span class='ocrx_word' id='word_1_320' title='bbox 1156 2006 1223 2038; x_wconf 77' lang='lat' dir='ltr'><strong>sive</strong></span> <span class='ocrx_word' id='word_1_321' title='bbox 1246 2003 1286 2036; x_wconf 87' lang='lat' dir='ltr'><strong>ab</strong></span> <span class='ocrx_word' id='word_1_322' title='bbox 1309 2004 1387 2048; x_wconf 86' lang='lat' dir='ltr'><strong>ipsis</strong></span> <span class='ocrx_word' id='word_1_323' title='bbox 1414 2003 1527 2033; x_wconf 84' lang='lat' dir='ltr'><strong>inven-</strong></span> 
     </span>
    </p>

    <p class='ocr_par' dir='ltr' id='par_1_6' title="bbox 850 2064 1529 2097">
     <span class='ocr_line' id='line_1_35' title="bbox 850 2064 1529 2097; baseline -0.007 -3"><span class='ocrx_word' id='word_1_324' title='bbox 850 2065 874 2094; x_wconf 77' lang='lat' dir='ltr'>B</span> <span class='ocrx_word' id='word_1_325' title='bbox 898 2075 916 2096; x_wconf 85' lang='lat'><em>2</em></span> <span class='ocrx_word' id='word_1_326' title='bbox 1484 2064 1529 2097; x_wconf 82' lang='lat' dir='ltr'><strong>ta,</strong></span> 
     </span>
    </p>
   </div>
  </div>
 </body>
</html>
