1961 2438
689 97 1122 136 LECTIONUM.
1621 104 1641 137 7

162 181 201 214 C.
228 182 256 224 J.
280 192 361 215 VAN
391 183 558 218 ASSEN
592 185 856 229 interpretabitur
881 200 1126 222 summram
1159 189 1402 225 InstitutioneS,
1428 185 1541 217 (li-:abus
1574 185 1637 215 Lu-

207 246 285 274 nae,
309 237 446 278 Martis,
469 239 619 270 Mercurii
640 245 671 270 et
695 240 803 281 Jovis,
827 243 905 276 hora
921 247 962 277 X.

252 288 440 330 Pandectas,
467 291 549 323 duce
575 303 916 337 wnsrznnssncio,
940 297 1052 329 iisdem
1080 295 1209 333 diebus,
1232 294 1311 325 hora
1332 293 1417 325 VIII·

250 342 423 373 Historiam
462 344 733 387 Jurisprudentiae
772 351 935 382 Romanae
972 349 1166 388 illustrabit,
1207 348 1288 379 duce
1323 348 1351 379 J.
1381 346 1427 378 A·
1458 350 1636 379 BA011102

296 393 409 426 iisdem
431 395 560 436 diebus,
583 397 662 429 hora
680 399 738 431 IX.

454 481 809 524 FACULTAS
870 487 1321 527 THEOLOGICA.·

135 583 138 594 ¹
160 574 190 618 J.
220 575 262 608 G.
293 585 343 608 TE
373 575 578 611 WATER
601 582 685 612 Loca
704 582 828 614 Veteris
852 584 1045 616 Testamenti
1066 583 1204 621 Selecta‚
1228 583 1255 614 si
1281 592 1338 625 per
1365 583 1496 610 aetatem
1525 582 1634 605 LXXXI!

174 661 180 664 ¹
204 639 365 660 annorum
388 630 501 668 liceat,
529 633 790 677 interpretabitur
812 635 928 668 diebus
943 638 1054 669 Martis
1070 643 1101 668 et
1116 636 1270 673 Veneris,
1296 634 1374 664 hora
1391 632 1449 664 xt.

157 680 188 722 J.
210 692 278 714 νΛΝ
301 683 516 717 VOORST
550 685 741 730 Theologiae
776 689 976 722 Christianae
1006 690 1211 721 Theoreticae
1238 689 1340 719 Locos
1365 684 1505 715 Selectos
1531 678 1633 722 expli·

206 735 309 774 cabit,
333 736 446 769 diebus
469 739 640 776 Mercurii,
662 741 751 773 Jovis
773 748 805 774 et
827 745 974 783 Veneris,
998 743 1077 774 hora
1093 744 1133 774 X.

246 791 392 831 Quatuor
414 791 587 834 Euangelia
613 793 697 825 inter
725 805 760 827 se
785 795 898 828 collata
925 796 1207 840 interpretabitur,
1237 791 1353 826 diebus
1379 789 1490 821 Martis
1515 793 1547 818 et
1568 787 1631 818 Ve-

290 844 396 883 neris,
419 845 498 877 hora
516 846 589 879 ΧΠ.

242 895 432 928 Difficiliora
457 898 613 940 quaedam
638 901 677 932 V.
701 907 732 933 et
756 902 798 935 N.
817 904 854 936 T.
883 902 976 935 effata
997 901 1118 935 Critice
1139 899 1305 938 tractabit,
1325 895 1438 929 diebus
1462 894 1572 924 Lunae
1596 897 1628 922 et

289 951 397 987 Jovis,
420 950 500 980 hora
522 952 592 983 ΧΠ.

243 1001 452 1035 Orationibus
478 1003 580 1033 Sacris
605 1004 774 1038 audiendis
804 1006 946 1045 vacabit,
979 1006 1032 1039 die
1053 1006 1226 1044 Mercurii,
1249 1005 1328 1036 hora
1347 1003 1417 1034 Xlt.

241 1055 434 1098 Disputandi
458 1057 607 1088 exercitia
633 1057 813 1090 alternatim
841 1070 916 1090 cum
951 1059 1089 1102 Collegis
1125 1057 1364 1095 moderabitur,
1396 1053 1448 1085 die
1471 1048 1621 1085 Veneris,

248 1109 250 1111 ’
285 1108 364 1140 hora
386 1110 441 1141 lV.

150 1160 182 1205 J,
203 1161 479 1196 CLVARISSE
517 1162 723 1205 Theologiam
758 1164 912 1196 Moralem
947 1166 1073 1205 tradet,
1108 1165 1177 1197 sive
1213 1162 1253 1194 de
1277 1162 1428 1194 Hominis
1453 1154 1626 1191 Christiani

195 1215 312 1247 officiis
337 1223 495 1259 exponet,
519 1217 654 1259 singulis
677 1219 804 1256 Lunae,
827 1219 936 1249 Martis
951 1241 965 1257 ,
987 1219 1139 1250 Mercurii
1162 1223 1194 1248 et
1214 1217 1301 1247 Jovis
1327 1214 1461 1253 diebus3
1485 1219 1620 1243 examen

195 1269 306 1300 eadem
329 1269 497 1312 disciplina
518 1271 740 1309 instituturus,
763 1271 815 1301 die
835 1272 990 1309 Veneris,
1015 1271 1094 1302 hora
1112 1271 1198 1303 Vnt.

235 1321 442 1365 Theologiam
462 1323 680 1365 Dogmaticam
706 1323 848 1362 docebit,
872 1324 985 1355 diebus
1012 1326 1143 1362 Lunae,
1171 1321 1282 1354 Martis
1306 1326 1336 1351 et
1359 1318 1446 1349 Jovis
1467 1317 1525 1348 IX.

237 1374 522 1418 Encyclopaediam
545 1386 582 1406 ac
604 1375 879 1419 Methodologiam
900 1376 1127 1421 Theologicam
1153 1373 1342 1419 explicabit,
1363 1370 1476 1403 diebus
1498 1371 1622 1402 Mercu-

276 1429 317 1458 rii
339 1434 370 1458 et
392 1428 544 1466 Veneris,
571 1427 648 1459 hora
662 1430 715 1460 IX.
1534 1463 1539 1473 Ι

236 1480 339 1512 Curas
365 1478 537 1510 Pastorales
556 1488 715 1523 exponet,
737 1481 851 1513 diebus
873 1483 998 1522 Lunae,
1021 1482 1153 1522 Martis,
1185 1482 1337 1513 Mercurii
1370 1484 1401 1510 et
1429 1475 1534 1514 Jovis,
1561 1473 1620 1504 ho·

273 1544 309 1564 ra
332 1533 388 1564 Ill.

231 1586 397 1617 Exercitiis
425 1587 582 1618 Oratoriis
604 1586 706 1618 Sacris
730 1588 883 1629 praeerit,
907 1587 958 1619 die
980 1590 1110 1627 Lunae,
1134 1587 1215 1619 hora
1234 1587 1257 1618 l.

145 1637 185 1671 L.
217 1638 505 1672 SURINGAR
539 1639 746 1682 Theologiam
780 1640 964 1672 Naturalem
999 1641 1113 1681 tradet,
1146 1640 1261 1672 diebus
1288 1641 1402 1672 Lunae
1428 1643 1460 1669 et
1491 1635 1619 1672 Martis,

188 1691 267 1722 hora
288 1693 329 1724 X.

232 1745 403 1775 Historiam
425 1744 603 1788 Religionis
628 1750 659 1776 et
688 1746 853 1778 Societatis
887 1747 1090 1780 Christianae
1127 1746 1310 1785 enarrabit,
1345 1744 1459 1777 diebus
1488 1746 1618 1782 Lunae,

272 1799 424 1829 Mercurii
446 1806 477 1830 et
500 1801 607 1839 iovis,
632 1799 710 1830 hora
726 1801 784 1832 Xl.
1072 1798 1093 1809 ⁹

234 1851 410 1894 Utramque
427 1851 514 1882 Pauli
534 1851 574 1882 ad
594 1851 893 1885 Thessalonicenses
914 1854 1091 1898 Epistolam
1124 1851 1405 1896 interpretabitur,
1431 1857 1486 1882 aut
1512 1851 1617 1881 mino·

265 1915 321 1936 ,res
347 1903 467 1946 aliquot
492 1904 580 1935 Pauli
603 1905 760 1948 Epistolas
795 1910 937 1940 cursorie
966 1907 1132 1946 tractabit,
1152 1907 1203 1938 die
1231 1904 1382 1937 Mercurii
1406 1910 1437 1936 et
1460 1903 1613 1940 Veneris,

274 1957 352 1989 hora
372 1959 398 1990 l.

238 2011 445 2043 Orationibus
467 2012 567 2043 Sacris
589 2011 838 2054 pronuntiandis
857 2016 1009 2059 praeerit,
1033 2013 1087 2046 die
1110 2012 1238 2052 Martis,
1260 2010 1343 2044 hora
1358 2011 1386 2046 1.
1572 2051 1602 2083 N

1583 2072 1585 2074 -
1604 2071 1617 2083 ν
