1930 2448
1 964 13 973 r

109 182 138 205 J‘i

577 101 1137 150 &dnsffffevuae

205 185 478 225 Varia‘intespretum'
497 184 850 223 Dogmanwrum'gtnera.
875 185 898 218 .”
946 186 965 218 ’,
1000 195 1041 218 ν,
1111 190 1127 220 3·
1161 191 1211 219 e·-
1245 200 1281 220 μό,
1317 195 1381 222 .'.'T'
1422 199 1433 222 ‘-
1469 195 1510 224 ,ὦ

201 239 452 284 interpretationum
472 238 681 277 Dogmatiearum
699 238 881 270 exempla..
910 248 916 255 -
949 253 958 264 ,
989 251 995 257 ,
1029 255 1037 264 ‚
1061 254 1063 259 ,
1086 245 1116 264 ·..
1184 256 1192 267 ¹
1263 256 1271 266 ·
1325 249 1350 267 ,⁶
1420 258 1429 268 ·
1471 258 1507 269 ‚‚

89 293 118 329 §.-
134 299 159 318 2.
194 289 234 315 De
252 287 378 319 Analogia
396 285 525 310 dominae
545 289 612 310 recte
630 284 775 317 quaerenda
791 288 816 308 et
831 281 1108 311 constituenda..
1179 303 1188 312 ‚
1237 287 1239 289 ·
1258 303 1266 312 ⁸
1335 302 1343 313 ι
1415 304 1425 315 .

266 333 289 360 Ι.
315 330 503 364 Inquirendum
516 338 581 361 est,
594 336 725 362 quaenam
744 331 839 362 singuli
857 336 982 355 auctores
1005 332 1152 363 peculiaria
1172 331 1290 358 habeant.

204 382 211 388 “
254 378 291 408 ΪΙζ
317 376 497 412 Oporteffnos
515 377 597 410 quasi
608 377 738 402 insinuare
757 377 782 402 in
802 377 936 410 ingenium
965 385 1081 410 eorum,
1103 386 1219 431 qnorum
1243 381 1268 405 in
1286 380 1455 432 commodum
1474 383 1505 408 li·

286 427 366 453 ’bri'
383 426 450 451 sacri
474 425 586 466 primum
594 423 755 465 conscripti
775 419 962 451 sunt..
1033 428 1041 451 '.
1110 443 1117 451 .
1186 432 1195 453 ’.
1265 432 1275 453 ε
1295 445 1298 447 t
1336 441 1351 453 ,-

204 474 209 480 “
241 474 291 502 111
316 473 358 500 Ad
374 478 519 499 auctorum
543 469 648 495 notitias
676 468 709 493 de
722 470 810 495 rebus
829 469 930 497 divinis
948 470 1163 503 cognoscendas,
1183 478 1234 498 non
1248 472 1358 523 suffieit
1370 473 1505 501 hominum

284 520 291 527 ‘
323 521 445 558 ipsorum·
457 523 525 543 aevo
540 516 711 546 viventium,
710 516 868 561 opiniones
887 525 976 544 nosse.
1002 536 1005 537 ν
1028 535 1037 545 .
1250 525 1254 528 ’
1336 528 1338 530 ’

204 557 210 581 f
249 564 297 595 IV.
322 560 387 597 Eiss
404 565 449 597 qui
472 560 621 596 'perspicua
646 556 764 589 auct-oris
791 563 824 588 de
851 565 928 590 rebus
946 563 1043 590 divinis
1062 564 1166 598 placita
1175 572 1273 592 tenere
1283 566 1368 600 volit,
1388 568 1506 601 inprimis

278 644 282 648 .
321 610 509 638 attendendum
534 616 572 636 est
595 608 627 635 ad
653 611 713 635 loca
737 611 867 643 classica,
896 610 928 636 ad
954 618 982 637 ea
1006 619 1072 644 quae
1098 614 1220 646 repetitis
1238 615 1344 641 vicibus
1358 622 1509 648 urgentur,

321 666 441 692 quaeque
466 659 524 683 aliis
549 663 730 690 opponuntur.

257 706 297 732 V.
324 706 461 739 Quatenus
481 706 605 730 locorum
624 704 806 736 parallelorum
824 705 993 736 comparatio
1008 705 1062 730 huc
1080 706 1222 738 pertineat,
1266 724 1275 734 .
1323 726 1325 728 ,
1341 723 1352 734 ,

250 752 299 779 Vl.
325 753 388 778 Non
409 751 506 777 sufficit
523 750 630 783 singulis
659 750 780 783 probatas
808 749 840 775 de
866 751 997 782 religione
1024 753 1148 778 notiones
1167 760 1279 785 tenere,
1302 753 1348 779 sed
1372 754 1505 781 variorum

323 799 484 831 scriptorum
499 796 569 822 dicta
588 803 613 823 et
631 797 727 830 placita
745 797 812 822 iuter
828 804 854 822 se
873 803 932 822 sunt
948 797 1118 825 conferenda.

225 845 295 877 ivn.
322 844 430 876 Addita,
444 850 511 876 quae
530 843 608 876 hujus
627 849 754 876 respectu
771 844 946 876 peculiariter
962 850 1021 870 curn
1039 845 1069 870 ad
1088 846 1121 873 V,
1139 853 1191 872 tum
1210 846 1241 873 ad
1259 847 1295 874 N.
1314 847 1344 873 F.
1361 848 1506 881 pertinent.

182 892 340 920 Conclusio.

86 940 115 976 Ξ.
128 946 156 974 3.
187 941 331 973 Praecepta
351 938 474 970 quaedam
490 939 649 964 universalia
660 955 669 968 ‚
687 937 783 962 directe
799 936 836 961 ad
847 943 918 961 usum
937 935 1081 969 Analogiae
1102 941 1256 971 spectantia.

237 986 261 1013 I.
284 985 354 1010 Usus
371 985 524 1010 adminiculi
542 990 641 1009 tanturn
659 984 780 1017 pertinet
802 982 833 1008 ad
863 990 919 1008 eam
938 982 1069 1009 librorum
1088 991 1225 1010 sacrorum
1243 992 1359 1019 partem,
1378 993 1429 1019 qua
1442 987 1506 1013 doc-

288 1032 356 1056 trina
373 1029 501 1057 divinitus
518 1030 650 1063 patefacta
668 1030 835 1055 continetur.
871 1047 878 1055 .
953 1047 961 1055 .
1030 1046 1039 1056 .
1109 1048 1117 1055 .
1186 1048 1196 1057 .
1263 1048 1273 1058 .
1342 1049 1351 1058 .
1418 1049 1429 1060 .
1496 1050 1506 1061 .

224 1079 259 1104 ΙΙ.
287 1077 400 1109 Proprie
417 1076 448 1101 ad
466 1084 494 1102 ea
512 1084 578 1109 quae
596 1077 682 1108 aliqua
701 1075 864 1101 obscuritate
883 1075 1012 1101 laborant.
1101 1092 1112 1102 .

212 1122 264 1150 111.
287 1122 441 1154 Analogiam
465 1121 602 1148 doctrinae
627 1121 755 1148 adhibere
784 1122 871 1153 licet,
898 1127 927 1146 ut
955 1120 1108 1147 ostendatur
1127 1122 1203 1149 hunc.
1215 1124 1258 1149 vel
1277 1124 1350 1150 illum
1370 1125 1426 1150 loci
1444 1132 1504 1152 sen-

289 1177 346 1195 sum
366 1175 424 1194 esse
445 1176 497 1194 non
517 1175 609 1201 posse.

217 1215 264 1243 lV.
288 1216 351 1242 Non
371 1214 428 1247 eJus
449 1221 500 1247 ope
519 1215 577 1240 loci
602 1220 693 1240 sensus
719 1213 902 1246 cognoscitur.
1022 1231 1031 1240 .
1099 1232 1108 1242 .
1179 1233 1188 1242 .
1256 1234 1264 1243 .
1336 1234 1344 1243 .
1412 1237 1421 1246 .
1489 1237 1500 1247 .

234 1262 268 1288 V.
292 1261 468 1293 interpretem
491 1266 575 1287 tamen
595 1261 720 1286 nonnihil
751 1267 813 1286 sane
839 1259 941 1293 juvabit
963 1260 1126 1293 saepissime.

79 1307 106 1343 S.
124 1317 150 1343 4.
184 1309 325 1341 Praecepta
343 1307 466 1340 quaedam
486 1308 567 1340 magis
582 1307 714 1339 specialia.
791 1324 800 1333 .
870 1324 878 1333 .
947 1323 957 1333 .
1026 1323 1036 1334 .
1104 1322 1115 1333 .

1260 1325 1269 1334 .
1417 1328 1426 1336 .

236 1355 259 1382 1.
286 1355 316 1380 In
333 1355 467 1380 verborum
489 1353 669 1386 sigmficatione
686 1351 856 1386 quaerenda,
876 1359 929 1378 non
955 1359 995 1378 est
1014 1351 1196 1385 incipiendum
1225 1353 1256 1378 ab
1281 1354 1408 1388 Analogia
1436 1355 1501 1383 doc.

289 1400 383 1427 trinae.

225 1448 262 1476 11.
287 1447 314 1474 Si
332 1453 395 1472 usus
420 1445 548 1479 loquendi
568 1454 620 1473 non
643 1446 742 1472 sufficit
762 1444 793 1469 ad
821 1451 875 1469 eam
902 1444 1114 1476 cognoscendam
1128 1463 1137 1476 ‚
1167 1445 1274 1471 minime
1299 1447 1384 1473 statim
1406 1449 1500 1475 confu-

290 1493 417 1526 giendum
438 1500 479 1520 est
503 1494 534 1520 ad
558 1494 711 1526 Analogiam
740 1492 894 1522 doctrinae,
912 1491 958 1518 sed
981 1490 1012 1516 ad
1035 1492 1156 1517 certiora
1174 1491 1301 1519 subsidia.
1338 1511 1346 1520 .

211 1540 263 1567 111.
289 1541 398 1573 Semper
419 1541 488 1566 ratio
513 1547 552 1567 est
575 1540 693 1566 habenda
715 1544 859 1566 contexms
885 1543 910 1564 et
942 1545 1005 1565 usus
1027 1537 1165 1571 loquendi.
1193 1539 1251 1564 Alia
1270 1546 1330 1565 cum
1351 1540 1402 1567 hoc
1421 1549 1499 1575 prae-

285 1593 368 1620 cepto
391 1593 467 1612 arcte
488 1593 608 1612 connexa
636 1586 755 1618 subiecta
780 1590 852 1611 sunt.

211 1632 261 1667 jv.
286 1634 336 1659 Est
358 1641 442 1659 tamen
465 1634 559 1666 aliquis
585 1633 729 1664 Analogiae
752 1632 890 1658 doctrinae
916 1638 990 1656 usus.
1102 1648 1111 1656 .
1178 1647 1190 1658 .

227 1680 260 1706 V.
285 1680 314 1705 ln
338 1680 393 1705 loci
416 1687 485 1705 sensu
510 1678 631 1704 eruendo
658 1685 763 1711 semper
784 1677 887 1703 initium
914 1683 955 1702 est
976 1674 1129 1701 faciendum
1159 1683 1173 1701 a
1206 1677 1391 1704 Grammaticis
1416 1681 1496 1706 ratio-

282 1725 373 1751 nibus.
474 1742 482 1751 .
552 1742 560 1751 .
628 1742 637 1751 .
706 1742 715 1751 .
783 1740 793 1750 .
862 1740 872 1750 .
940 1739 952 1750 .

206 1770 259 1797 VI.
285 1771 348 1796 Non
371 1778 451 1796 verus
470 1777 510 1796 est
530 1770 585 1796 loci
612 1776 703 1796 sensus
724 1769 876 1800 habendus,
895 1769 957 1794 licet
976 1769 1060 1794 verba
1081 1769 1106 1793 in
1127 1774 1156 1793 se
1176 1775 1292 1801 spectata
1314 1776 1372 1796 eum
1396 1772 1494 1804 patian-

291 1823 351 1847 tur,
373 1824 451 1850 atque
472 1818 535 1842 alibi
560 1815 637 1842 dictis
661 1817 813 1843 conveniat.
866 1833 876 1842 .
943 1831 953 1842 .

197 1862 264 1890 V11.
290 1864 439 1896 Numquam
468 1870 560 1890 sensus
582 1869 622 1889 est
644 1863 839 1894 admittendus,
857 1869 936 1895 quem
961 1861 1088 1893 Analogia
1109 1860 1243 1888 doctrinae
1261 1863 1379 1895 patitur,
1404 1866 1493 1890 consi·

294 1910 358 1935 lium
375 1917 439 1936 vero
460 1910 604 1942 scriptoris
626 1909 763 1942 improbat.
862 1926 872 1935 .
941 1925 951 1936 .
1020 1924 1030 1933 .
1099 1924 1109 1933 .
1176 1925 1187 1935 .

185 1953 268 1981 V111.
292 1956 443 1981 Contextus
473 1956 570 1981 eximie
594 1955 627 1981 ita
647 1954 736 1980 dictus
761 1961 814 1980 non
836 1952 918 1980 debet
941 1954 1046 1979 obstare
1075 1953 1308 1986 interpretationi,
1333 1963 1408 1988 quam
1435 1965 1491 1983 sua-

295 2001 341 2028 det
357 2002 485 2034 Analogia
502 2002 649 2029 doctrinae.
702 2019 711 2028 .
780 2020 789 2029 .
858 2017 867 2026 .
937 2018 946 2027 .
1016 2017 1024 2026 .
1094 2017 1102 2026 .
1172 2017 1181 2027 .
1249 2018 1259 2029 0

223 2046 269 2075 lx.
294 2048 336 2074 De
358 2056 406 2075 usu
427 2050 570 2082 Analogiae
594 2049 620 2075 in
639 2047 803 2076 dictionibus
827 2045 937 2080 tropicis
957 2045 1167 2078 interpretandis.
1245 2063 1255 2074 .
1323 2065 1334 2075 .
1401 2067 1412 2076 .

1578 203 1592 228 t»

1595 203 1608 228 ω

1573 342 1587 368 0³
1573 296 1587 320 ιω
1575 249 1588 274 ω

1590 296 1615 368 my·
1592 250 1609 275 -μ

1563 1921 1597 1946 49

1558 2014 1588 2039 5¹

1556 2058 1587 2084 5¹

1552 2098 1586 2127 Χ.
