1961 2438
318 98 362 122 20
830 88 870 120 C.
956 86 1283 119 EK·A·MA

309 177 450 215 -Cerc’re,
478 182 545 207 tum
572 175 653 207 intra
672 174 860 206 sexennium
888 183 963 205 mox
983 173 1139 214 Pallade,
1166 174 1240 206 dein
1266 177 1412 214 lunone,
1434 175 1562 208 tandem
1590 178 1709 217 Vesta,
1732 177 1790 209 mi·

311 235 409 265 nimis
434 234 562 276 quidem
584 232 645 263 illis
660 255 668 269 ,
690 237 784 274 atque
808 231 919 262 oculos
948 238 1013 263 arte
1040 243 1107 262 non
1128 230 1302 262 admodum
1334 230 1459 272 adjutos
1481 243 1610 276 prorsus
1630 232 1786 276 effugien-

314 290 421 327 tibus,
447 290 501 321 sed
526 289 581 331 qui
603 287 698 319 medii
723 290 805 318 inter
830 289 962 320 Martem
988 295 1018 319 et
1048 290 1157 319 Jovem
1189 299 1302 319 cursus
1333 299 1409 319 suos
1437 289 1615 322 conficiunt
1648 292 1786 323 invicem

316 346 489 388 implexos,
515 346 620 387 ipsum
655 343 733 374 illud
755 345 892 387 spatium
919 351 1132 387 occupantes,
1155 344 1243 387 quod
1268 355 1340 374 cum
1359 355 1494 375 vacuum
1522 347 1692 378 miraretur
1707 347 1786 379 olim

314 403 483 445 KeplertiS‚
505 402 605 443 ignoti
619 400 698 432 forte
715 400 859 443 planetae
881 401 987 431 sedem
1013 411 1099 439 esse,
1122 401 1188 441 jam
1206 407 1273 431 tum
1297 401 1475 444 suspicatus
1493 401 1564 433 fuit.
1579 418 1621 427 —
1638 403 1699 434 Pro
1718 415 1788 436 uno

313 460 410 501 igitur
432 464 569 501 quatuor
596 457 669 490 illos'
692 457 810 490 detexit
836 467 1017 496 puzzu,
1043 467 1254 498 ommnstt,
1282 468 1305 488 11
1320 468 1587 502 Asntflcllque
1611 459 1779 493 industria.

311 595 313 597 -
353 573 495 606 Alterum
511 595 521 612 ‚
556 572 653 617 idque
690 572 915 607 Astronomiae
954 571 1157 603 Theoreticae
1195 571 1234 602 ad
1273 582 1431 604 summam
1466 572 1694 616 perfectionem
1727 573 1784 606 ad.

311 631 447 670 ductae,
489 631 668 674 exemplum
704 634 744 664 sit
776 629 954 662 immortale
993 639 1075 672 opus
1106 628 1315 660 Illustrissimi
1355 640 1400 661 ur„
1435 640 1621 662 LAPLACE
1647 654 1655 668 ‚
1696 631 1784 674 quod

311 688 534 720 stleclzant'cczm
555 687 718 718 coeleslem
747 687 928 729 inscripsit,
961 692 1025 717 tam
1053 687 1116 716 acri
1141 691 1204 716 tam
1229 684 1359 716 sublimi
1390 689 1608 729 conscriptum
1636 687 1783 730 ingenio,

311 751 341 775 et
367 756 433 787 quo
461 756 500 775 ex
523 743 756 776 universalibus
781 743 975 786 Dynamices
1006 741 1174 785 principiis
1193 741 1301 772 omnia
1333 740 1528 774 theoremata
1553 743 1596 774 ita
1621 750 1699 775 sunt
1727 743 1783 775 de.

311 807 507 840 monstrata,
529 802 636 831 omnia
655 800 851 843 problemata
874 799 917 828 ita
947 805 1024 829 sunt
1054 797 1157 828 soluta
1173 818 1183 834 ‚
1210 803 1246 827 ut
1274 797 1434 842 quidquid
1464 800 1499 831 in
1525 800 1657 831 scientia
1675 806 1785 832 nostra

309 857 498 900 implicitum
528 856 632 887 adhuc
655 855 776 894 fuerit,
811 855 843 886 id
870 854 1049 897 legentibus
1069 854 1136 897 jam
1162 854 1349 898 explicitum
1369 856 1432 894 sit,
1463 855 1623 899 quidquid
1652 856 1784 889 difficile

312 915 414 945 visum
427 937 435 950 ,
455 913 712 956 expeditumjam
730 918 893 955 appareat3
908 913 1063 953 scriptum
1079 912 1215 942 omnino
1232 911 1459 954 dignissimum
1470 934 1481 950 ,
1497 912 1585 955 quod
1602 924 1677 944 cum
1690 915 1784 944 New-

311 971 379 1001 toni
409 970 533 1013 scriptis
557 976 781 1013 comparetur,
806 975 967 1011 aequetur.
1018 968 1061 999 Ut
1093 967 1143 998 his
1171 970 1274 1005 enim,
1303 968 1364 999 sub
1395 968 1517 1000 exitum
1542 968 1642 999 seculi
1666 968 1785 1001 decimi

313 1027 456 1068 septimi,
477 1037 610 1068 magnus
634 1027 808 1057 Newtonus
827 1024 1013 1067 disciplinae
1037 1030 1164 1055 nostrae
1195 1035 1322 1055 summa
1354 1023 1529 1056 subtilitate
1555 1024 1782 1057 Mathematica

310 1083 512 1114 illustrandae
537 1094 619 1126 opus
645 1084 766 1126 coepit,
799 1082 945 1125 sequenti
969 1081 1077 1113 seculo
1098 1081 1198 1112 facem
1224 1080 1427 1124 praeferens;
1449 1081 1495 1112 sic
1518 1087 1551 1112 et
1575 1082 1779 1125 praestantis-

310 1142 409 1169 simus
428 1150 680 1176 LAPLACIUS,
704 1149 778 1170 cum
794 1139 944 1170 conderet
961 1138 1121 1169 decimum
1136 1144 1284 1169 octavum
1307 1138 1469 1177 seculum,
1492 1137 1576 1169 idem
1597 1138 1678 1170 illud
1697 1148 1782 1182 opus

310 1195 375 1224 suis
402 1194 677 1226 lucubrationibus
696 1206 762 1226 non
786 1195 894 1225 minus
922 1194 1079 1237 praeclare
1103 1194 1277 1225 absolvisse
1302 1194 1366 1225 dici
1395 1201 1515 1238 potest,
1538 1195 1781 1238 perfectumque

308 1258 440 1293 posteris
460 1251 633 1294 legavisse,
651 1251 736 1296 apud
763 1250 842 1290 hos„
862 1250 949 1283 bona
965 1252 994 1282 si
1016 1261 1073 1283 sua
1095 1251 1222 1290 norint,
1245 1261 1414 1296 nunquam
1433 1252 1656 1283 interiturum.

373 1418 440 1456 Vel
466 1424 511 1454 sic
530 1430 635 1455 tamen
659 1431 690 1456 et
713 1435 767 1456 eos
793 1435 860 1456 non
886 1424 1043 1468 appellare
1064 1423 1226 1467 piaculum
1257 1429 1358 1461 esset,
1390 1423 1448 1466 qui
1475 1422 1636 1466 quidquid
1662 1428 1694 1454 et
1719 1425 1783 1454 Ve-

310 1484 389 1508 teres
412 1485 443 1510 et
470 1482 672 1512 Recentiores
701 1484 913 1520 invenerunt,
943 1481 1190 1523 excogitarunt,
1222 1481 1457 1519 observarunt,
1492 1480 1714 1523 explicarunt,
1747 1480 1781 1511 id

309 1545 404 1566 omne
429 1536 607 1579 complexi,
640 1538 822 1569 universam
846 1538 1009 1569 scientiam
1034 1539 1316 1576 Astronomicam,
1348 1536 1502 1568 omnibus
1540 1537 1606 1567 suis
1637 1535 1781 1578 partibus

307 1589 502 1631 absolutam,
525 1599 556 1623 et
579 1592 749 1624 theoretice
775 1600 806 1625 et
833 1597 968 1637 practice
999 1593 1041 1622 ita
1073 1592 1294 1629 tradiderunt,
1325 1599 1361 1622 ut
1385 1592 1424 1622 ad
1459 1592 1597 1622 sublime
1626 1592 1688 1621 hoc
1714 1597 1782 1622 stu-

307 1647 395 1679 dium
414 1657 444 1681 et
470 1651 642 1681 excitarent
667 1657 698 1681 et
722 1650 932 1681 informarent
957 1649 1148 1687 rectissime,
1174 1658 1386 1691 quoscunque
1414 1653 1524 1677 nostra
1550 1653 1648 1677 aetate
1675 1653 1779 1678 teneat

307 1702 448 1736 discendi
467 1716 576 1745 amor,
601 1707 644 1737 ita
666 1706 887 1744 tradiderunt,
910 1712 967 1745 ut,
989 1716 1062 1736 cum
1087 1706 1147 1749 ipsi
1173 1706 1256 1735 in-ter
1276 1714 1419 1735 summos
1439 1709 1647 1734 censerentur
1669 1705 1780 1735 Astro-

308 1770 439 1799 nomos,
463 1763 532 1794 aliis
546 1786 557 1802 ,
581 1775 644 1806 qua
663 1763 782 1795 similes
797 1762 929 1794 evadere
952 1763 1098 1806 possint,
1120 1767 1336 1792 monstrarent
1366 1759 1473 1797 viam,
1495 1758 1592 1790 duces
1614 1770 1646 1790 se
1670 1767 1778 1791 aucto·

308 1826 420 1859 resque
444 1817 529 1849 ultro
554 1819 758 1862 praeberent,
795 1826 921 1850 aeterna
948 1828 1079 1861 quoque
1108 1817 1227 1848 idcirco
1258 1816 1351 1847 laude
1378 1814 1585 1854 celebrandi3
1615 1826 1718 1859 quos,
1749 1817 1780 1847 si.

308 1873 385 1914 quid
409 1874 487 1906 utile
509 1877 550 1906 sit
572 1877 738 1919 praecipue
758 1883 960 1919 spectamus,
981 1875 1090 1906 nescio
1106 1884 1148 1904 an
1168 1874 1227 1904 hoc
1247 1882 1308 1903 suo
1329 1871 1436 1903 labore
1457 1871 1588 1915 reliquis
1612 1879 1779 1915 praestare

312 1936 442 1972 putem,
465 1932 672 1976 dignissimos.
692 1940 793 1974 certe,
816 1933 850 1965 in
875 1933 994 1976 quibus
1017 1934 1136 1965 Doctor
1165 1930 1312 1974 publicus
1344 1930 1411 1974 =iam
1434 1930 1589 1965 desinam.

1664 2042 1779 2086 Quid?
