1930 2448
315 129 358 164 3'2
645 128 686 159 G.
772 125 1372 158 RUITENSCHILD

353 211 456 250 Quid?
477 220 573 241 nonne
588 212 656 241 haec
679 219 756 241 certe
774 211 860 241 nobis
879 209 1112 247 persuadebunt,
1135 209 1319 246 interpretem
1342 219 1358 238 a
1375 216 1490 238 munere
1516 209 1609 240 aliena
1628 209 1825 248 committere,

319 263 375 299 qui
392 263 559 299 Analogiam
577 263 731 300 doctrinae]
742 261 899 292 adhibeat?
939 261 1056 297 Nobis,
1078 261 1212 296 inquam,
1235 261 1283 297 qui
1305 261 1342 290 C.
1363 261 1387 290 1.
1411 261 1440 297 §-
1465 269 1493 291 1.
1515 260 1589 290 Obs.
1614 272 1643 292 2.
1665 262 1830 292 notavimus
1850 274 1852 277 ¹

315 313 387 342 illud
413 314 601 350 interpretum
631 322 743 350 genus,
767 314 846 350 quod
869 313 900 342 in
925 312 1138 349 interpretando
1159 312 1333 349 argumentis
1360 319 1469 341 tantum
1493 312 1691 349 probabilibus
1716 322 1746 341 se
1772 312 1828 342 du·

316 364 343 394 ci
359 365 508 401 patiatur?
549 367 590 394 At
615 365 759 394 enimvero
783 373 837 394 nos
865 363 996 393 lubenter
1015 363 1156 399 fatemur,
1181 364 1249 392 haec
1272 363 1419 392 verissime
1442 362 1519 399 dici,
1547 369 1575 392 et
1603 364 1722 393 omnino
1741 364 1827 402 largi-

314 425 397 452 mur,
423 425 485 444 eunt
515 416 571 445 loci
598 424 733 451 sensum,
756 425 840 451 quem
869 415 953 444 unice
977 414 1118 451 Analogia
1137 415 1283 444 doctrinae
1309 414 1443 449 suadeat,
1465 413 1579 443 minime
1608 421 1716 444 certum
1741 424 1826 454 esse,

314 476 514 503 summumque
538 468 566 496 in
594 467 807 503 interpretando
826 465 974 494 arbitrium
998 466 1155 502 Analogiae
1181 465 1326 494 doctrinae
1350 465 1470 494 concedi
1489 473 1548 494 non
1570 474 1669 502 posse.
1711 468 1744 496 Id
1760 468 1826 505 qui-

314 520 375 548 dem
395 528 428 547 ex
444 519 529 547 dictis
547 518 681 547 universe
691 517 825 546 concludi
842 522 958 553 potest,
981 517 1136 553 prudenter
1152 516 1181 545 in
1192 516 1350 553 Analogiae
1369 525 1424 545 usu
1445 525 1507 546 esse
1525 517 1716 553 versandum,
1737 525 1824 555 atque

314 570 363 598 ubi
386 570 512 599 rationes
531 569 671 598 firmiores
691 575 865 604 suppetant,
886 567 922 595 iis
944 569 1009 603 plus
1028 567 1211 597 tribuendum
1230 576 1303 596 esse.
1346 567 1469 596 Minime
1491 576 1559 596 vero
1580 567 1646 597 inde
1670 570 1826 606 consequi-

312 626 377 654 tur,
407 622 514 649 nullam
543 616 605 649 esse
632 619 826 648 auctoritatem
856 618 1039 656 Analogiae3
1071 619 1150 654 quod
1181 626 1356 654 quantopere
1382 628 1398 648 a
1427 627 1495 647 vero
1523 618 1644 647 alienum
1671 619 1729 655 sit,
1756 629 1823 650 cum

313 672 384 700 effici
410 672 503 707 possit
531 680 565 699 ex
589 671 644 706 iis,
666 680 737 707 quae
763 679 850 706 supra
875 670 950 699 dicta
976 677 1044 698 sunt
1070 670 1107 699 C.
1130 669 1157 698 Ι.
1189 669 1217 704 §.
1239 676 1271 700 2.
1299 676 1326 698 et
1355 670 1392 698 C.
1410 669 1448 698 11.
1481 671 1509 706 ς.
1529 679 1560 705 4.
1591 670 1664 707 Obj.
1688 679 1739 706 1.,
1769 680 1821 700 nec

312 730 370 752 non
391 731 405 750 e
430 722 558 751 dicendis
586 724 624 751 C.
644 723 692 752 ΠΙ.
716 723 744 758 §.
767 730 795 751 ε.
822 728 851 750 et
881 731 909 759 3,
940 721 1012 751 nihil
1032 721 1180 755 addimus,
1210 719 1266 749 nisi
1286 721 1364 756 quod
1392 719 1420 749 in
1440 719 1496 756 iis,
1525 729 1596 756 quae
1615 729 1682 750 vera
1703 728 1770 751 sunt
1795 729 1823 751 et

310 773 432 802 consilio
459 773 641 802 revelationis
665 773 889 809 supernaturalis
911 779 1122 808 consentanea,
1143 772 1348 809 amplectendis
1373 778 1401 800 et
1425 778 1506 800 caute
1528 771 1556 801 in
1582 780 1664 800 usum
1687 778 1822 802 nostrum

309 824 528 859 convertendis,
550 825 658 853 nullum
685 824 722 852 sit
743 824 855 853 errandi
878 823 1052 860 periculum.

347 874 387 903 V.
431 895 448 910 „
469 875 609 912 Analogia
631 875 776 904 doctrinae
801 874 946 910 adhibita,
971 883 1031 904 non
1055 874 1225 904 subsistitur
1249 874 1278 904 in
1301 875 1364 903 solo
1391 874 1450 904 loci
1473 882 1560 903 sensu
1585 874 1745 905 eruendo.⁸’

346 926 407 963 Qui
429 926 485 954 hoc
514 933 639 963 urgent,
662 933 796 962 narrant,
820 926 1029 962 interpretem,
1061 925 1112 962 qui
1138 925 1307 962 Analogiam
1336 925 1482 954 doctrinae
1509 924 1665 961 adhibeat,
1687 926 1820 964 indagare

309 984 405 1006 utrum
432 986 498 1005 vere
520 985 556 1006 an
572 976 644 1005 false
670 977 771 1006 dixerit
798 984 919 1012 auctor,
951 983 978 1005 et
1005 985 1074 1006 num
1102 976 1135 1005 ab
1164 984 1198 1005 eo
1227 976 1328 1005 tradita
1355 976 1465 1006 nostris
1498 985 1615 1012 quoque
1641 978 1819 1014 temporibus

309 1028 521 1057 accommodata
537 1027 606 1056 sint.
646 1028 737 1056 Porro
752 1030 893 1062 clamant,
919 1036 971 1063 per
988 1027 1146 1063 Analogiae
1164 1035 1247 1055 usum
1266 1027 1438 1063 dogmaticas
1449 1026 1597 1056 admisceri
1616 1028 1819 1065 quaestiones,

309 1088 451 1115 eumque,
474 1079 524 1114 qui
548 1078 687 1114 interpres
711 1078 841 1114 dicatur,
862 1079 897 1106 de
922 1078 1090 1114 dogmaticis
1110 1084 1138 1106 et
1160 1077 1317 1106 moralibus
1345 1077 1566 1114 philosophari,
1592 1085 1679 1114 atque
1705 1079 1734 1108 in
1758 1079 1822 1110 sin·

309 1132 440 1167 gulorum
467 1129 592 1159 rationes
619 1136 647 1157 et
678 1138 775 1158 causas
801 1129 957 1165 inquirere.
998 1127 1162 1157 Provocant
1191 1129 1226 1157 ad
1249 1128 1375 1157 omnium
1400 1137 1562 1165 temporum
1591 1129 1818 1167 experientiam,

308 1190 381 1218 quae
407 1180 555 1215 docuerit,
585 1188 683 1209 omnes
706 1179 766 1209 fere
791 1180 980 1216 interpretes,
1011 1178 1060 1214 qui
1081 1178 1223 1215 Analogia
1247 1179 1394 1208 doctrinae
1421 1179 1466 1207 usi
1494 1179 1574 1215 sint,
1602 1188 1661 1208 non
1691 1180 1818 1218 indagas-

305 1240 358 1268 se,
386 1231 455 1267 quid
480 1231 628 1266 homines,
653 1231 859 1266 antiquissimis
890 1230 1068 1266 temporibus
1092 1229 1244 1265 viventes,
1275 1229 1482 1266 cogitaverint,
1511 1230 1560 1258 sed
1589 1229 1687 1266 potius
1715 1231 1820 1267 placita

307 1292 358 1313 sua
376 1291 502 1318 suasque
525 1281 681 1319 opiniones
698 1282 788 1312 literis
806 1282 900 1313 Sacris
923 1281 1077 1318 intulisse,
1102 1288 1189 1320 atque
1212 1279 1277 1310 inde
1296 1280 1418 1310 decretis
1438 1280 1497 1310 suis
1523 1281 1699 1319 praesidium
1723 1288 1751 1311 et
1769 1291 1818 1312 ro·

308 1334 362 1363 bur
389 1335 546 1371 aptavisse.

343 1385 432 1424 Quod
459 1386 484 1415 si
515 1387 584 1415 haec
613 1395 677 1415 cum
707 1387 864 1424 Analogiae
892 1395 947 1415 usu
978 1386 1124 1415 indivulso
1153 1393 1228 1414 nexu
1262 1386 1415 1423 conjuncta
1446 1392 1564 1420 essent,
1594 1393 1650 1415 nos
1681 1385 1815 1423 quidem,

306 1436 355 1472 qui
381 1437 418 1466 C.
438 1439 460 1467 Ι.
489 1438 519 1473 §.
546 1447 573 1468 1.
603 1438 678 1467 Obs.
698 1448 728 1474 4.
761 1439 869 1467 efficere
887 1437 982 1467 conati
1001 1446 1121 1473 sumus,
1143 1437 1306 1474 interpretis
1331 1445 1436 1466 munus
1455 1437 1510 1465 hoc
1529 1445 1587 1466 uno
1611 1442 1720 1465 tantum
1745 1445 1816 1467 con·

303 1487 388 1517 tineri
399 1508 409 1523 ,
420 1495 452 1517 ut
464 1509 474 1524 ,
486 1489 558 1526 quid
572 1499 592 1517 a
607 1490 789 1528 scriptoribus
800 1489 942 1519 traditum
960 1490 997 1518 sit
1010 1508 1020 1523 ‚
1033 1489 1181 1524 declaret,
1201 1497 1254 1517 nos
1267 1498 1401 1525 mquam,
1425 1487 1580 1517 concedere
1591 1494 1738 1523 oporteret
1749 1509 1760 1524 ,
1773 1488 1818 1518 in-

304 1545 456 1574 terpretem
471 1560 481 1575 ,
501 1540 550 1576 qui
569 1542 727 1578 analogiam
744 1541 890 1570 doctrinae
908 1540 1060 1574 adhibeat,
1082 1539 1208 1568 muneris
1227 1540 1272 1568 sui
1286 1539 1432 1569 oblivisci.
1464 1540 1539 1568 Cum
1556 1547 1626 1568 vero
1645 1540 1819 1576 praeceden-

303 1590 327 1619 ti
347 1592 377 1626 §.
397 1592 452 1628 jam
475 1591 541 1619 satis
560 1600 705 1627 superque
729 1592 915 1628 apparuerit,
943 1600 979 1620 ne
998 1591 1044 1619 vel
1061 1590 1103 1618 sic
1123 1589 1236 1625 quidem
1256 1590 1378 1619 subsidii
1394 1591 1480 1628 hujus
1500 1598 1583 1618 usum
1601 1590 1817 1625 deprimendum

302 1650 385 1676 esse,
408 1641 432 1669 si
455 1641 490 1670 ad
510 1644 716 1671 nonnullorum
739 1649 848 1672 tantum
869 1644 1002 1670 locorum
1023 1650 1139 1671 sensum
1159 1642 1355 1679 reperiendum
1376 1642 1543 1678 inserviret,
1560 1649 1646 1677 atque
1663 1642 1782 1679 insuper
1799 1652 1817 1673 e

300 1692 385 1722 dictis
407 1692 484 1723 c.1.
510 1700 538 1722 et
554 1693 689 1722 addendIs
709 1694 813 1723 C.111.
836 1694 1018 1723 manifestum
1037 1695 1095 1730 sit,
1114 1702 1168 1723 nos
1184 1693 1298 1721 minime
1316 1693 1375 1722 sive
1399 1692 1547 1729 Theologi
1561 1692 1624 1722 sive
1642 1693 1817 1731 Philosophi

300 1751 397 1780 partes
424 1744 572 1779 interpreti
588 1746 662 1774 velle
687 1746 838 1780 mandare,
861 1744 993 1773 brevitati
1015 1746 1220 1780 consulente-5,
1239 1753 1274 1773 ne
1292 1743 1412 1773 verbum
1432 1743 1545 1779 quidem
1566 1743 1695 1773 addimus
1720 1745 1755 1774 ad
1774 1745 1818 1775 di-

301 1794 432 1825 luendam
453 1794 665 1832 objectionem,
686 1805 758 1831 quae
777 1803 885 1826 tantum
901 1803 1014 1833 spectat
1028 1797 1063 1825 ad
1076 1796 1117 1825 rei
1137 1795 1257 1824 abusum
1270 1816 1281 1830 ‚
1305 1803 1387 1830 quem
1406 1794 1521 1823 minime
1540 1793 1731 1826 defendimus.

339 1845 446 1874 Similis
465 1853 509 1874 est
529 1847 601 1875 ratio
617 1847 752 1882 alioruin,
772 1856 842 1882 quae
858 1847 892 1876 ab
909 1847 954 1876 his
970 1847 1065 1877 illisve
1076 1848 1159 1876 allata
1170 1853 1237 1875 sunt
1251 1847 1284 1875 ad
1304 1854 1388 1875 usum
1405 1845 1563 1882 Analogiae
1581 1845 1731 1882 interpreti
1746 1855 1815 1884 pro-

301 1895 469 1925 hibendum.
511 1897 592 1934 Quae
617 1898 730 1934 quidem
753 1898 870 1932 omnia,
895 1907 960 1927 cum
988 1898 1233 1928 animadversione
1254 1906 1373 1933 eorum,
1397 1906 1470 1933 quae
1495 1898 1525 1926 in
1549 1897 1715 1927 definitione
1736 1898 1816 1929 Ana.

299 1947 393 1983 logiae
417 1948 491 1977 dicta
515 1956 603 1984 sunt,
624 1951 670 1978 vel
692 1959 757 1977 mox
783 1950 820 1978 C.
840 1950 894 1979 111.
918 1950 1151 1987 subjungentur,
1176 1948 1260 1978 facile
1293 1947 1477 1982 refutentur,
1503 1948 1532 1977 in
1565 1948 1610 1977 his
1636 1949 1691 1986 jam
1717 1949 1814 1979 subsi-

300 1998 425 2034 stimus,
456 2005 486 2027 et
514 2007 578 2026 cum
610 2001 666 2036 iarn
698 2008 778 2029 usum
807 2001 965 2038 Analogiae
996 2002 1032 2030 ad
1056 2001 1210 2038 praecipua
1232 2000 1397 2037 interpretis
1421 1999 1518 2029 officia
1544 1999 1690 2037 exegimus
1707 2020 1719 2037 ,
1739 2000 1814 2030 nulli

302 2048 467 2079 dubitamus
486 2050 657 2080 concludere
669 2070 679 2086 ,
700 2051 884 2089 interpretem
907 2052 1046 2082 librorum
1070 2060 1237 2088 sacrorum,
1260 2052 1309 2088 qui
1327 2060 1386 2081 eam
1404 2051 1554 2087 adhibeat,
1576 2059 1593 2080 a
1616 2060 1732 2080 munere
1747 2051 1814 2081 alie-

1777 2111 1814 2133 na
