1930 2448
335 134 662 168 COMMENTAT10
682 143 725 165 AD
748 132 1059 172 QUAESTIONEM
1074 131 1294 172 MEDICAM.
1544 133 1580 170 87

66 224 230 260 eredimus,
249 222 389 260 primam,
419 230 491 258 quae
514 220 596 250 nisus
620 216 764 248 formativi
787 218 802 252 (
815 217 876 253 32)
912 224 968 252 ope
982 237 992 252 ,
1023 221 1072 244 aut
1097 214 1361 250 quomodocunque
1389 213 1460 243 hanc
1483 213 1579 242 Natu·

63 285 111 308 rae
131 275 294 315 facultatem
321 273 468 304 nominare
482 273 576 308 velis,
605 270 738 308 lymphae
755 267 957 305 coagulabili,
976 267 1005 296 in
1033 266 1202 296 vulneribus
1221 266 1358 295 formatae
1370 287 1379 302 ,
1407 265 1574 301 inducitur,

63 327 271 363 mutationem,
292 325 322 355 in
346 334 379 354 eo
402 324 579 360 consistere,
602 322 682 359 quod
699 321 867 357 sphaerulae
889 319 919 349 in
942 320 975 348 ea
1001 326 1050 348 aut
1073 319 1254 355 formentur,
1277 324 1347 354 aut,
1370 317 1394 346 si
1415 319 1472 355 jam
1498 325 1579 354 prae-

64 385 160 410 sentes
186 378 264 414 sint,
288 377 469 407 manifestius
493 381 666 412 appareant,
687 373 834 410 magisque
859 372 1043 401 evolvantur.

72 450 78 459 .
100 430 246 461 Nostrum
269 438 329 461 non
348 436 390 458 est
407 428 574 464 inquirere,
595 427 736 455 undenam
760 424 820 460 sit,
842 430 870 453 et
893 423 1039 459 quomodo
1057 422 1106 451 fiat
1115 423 1152 458 Γ
1148 422 1228 458 quod
1247 421 1333 459 huius
1357 420 1495 457 lymphae
1511 429 1580 449 evo-

61 479 159 516 lutio,
179 486 213 509 ut
238 480 278 508 ita
302 479 413 515 dicam,
435 488 451 508 a
476 478 693 514 sphaerularum
721 475 839 511 incipiat
868 475 979 511 forma,
1002 474 1072 503 haec
1098 473 1170 502 enim
1194 472 1218 501 si
1238 472 1302 508 quis
1327 481 1361 501 ex
1383 472 1578 501 recentiorum

67 536 163 562 mente
180 530 319 567 explicata
338 529 453 566 cupiat,
475 529 556 557 adeat
574 526 811 558 Consbruchium
832 527 919 564 (33)
940 526 1082 561 aliosque.
1124 524 1221 553 Nobis
1241 524 1314 553 scire
1339 524 1478 560 sufficiat,
1502 524 1580 560 quod

64 586 82 611 e'
104 581 267 619 sphaerulis
292 581 418 616 talibus,
447 580 473 608 si
498 580 576 609 vires
600 577 793 616 expansivae,
821 585 854 607 ut
874 585 977 608 nostro
1003 586 1075 606 aevo
1097 583 1239 613 receptam
1266 584 1419 612 sequamur
1442 575 1581 611 loquendi

63 633 222 669 rationem,
251 634 413 670 praevalere
440 632 603 669 incipiant,
637 631 799 661 formentur
820 631 986 666 vesiculae,
1025 628 1104 666 quod
1129 629 1183 669 hae
1205 627 1372 663 vesiculae,
1396 636 1468 664 quae
1494 626 1581 656 initio

62 683 203 714 discretae
227 691 316 721 sunt,
345 694 412 714 mox
433 684 469 713 ad
495 693 527 713 se
554 683 677 713 invicem
704 684 838 714 accedant
863 689 893 712 et
917 689 1016 711 secum
1044 681 1221 719 jungantur,
1249 686 1336 715 atque
1362 678 1412 707 tali
1436 678 1522 707 modo
1550 678 1580 707 in

62 738 234 767 cellulosum
257 743 367 766 textum
384 736 507 766 transire
527 735 664 774 possint,
687 744 722 765 ex
748 745 808 773 quo
836 742 865 765 et
885 740 982 765 totum
1007 739 1140 763 nostrum
1161 739 1269 768 corpus
1289 737 1419 759 constare
1437 736 1464 758 et
1480 737 1581 759 omnes

64 788 126 826 eJus
151 794 246 824 partes
269 788 365 817 evolvi
390 794 515 817 constat.

99 839 255 869 Possemus
283 840 338 868 hac
363 839 392 869 in
415 849 446 869 re
469 840 657 869 describenda
674 839 824 869 uberiores
851 848 937 875 esse,
967 837 992 867 si
1015 836 1141 866 indicare
1163 836 1326 870 vellemus,
1357 833 1524 868 quomodo,
1553 832 1579 860 si

65 891 213 929 elongatae
234 892 346 921 vesicae
365 891 448 920 ostiis
475 891 536 920 suis
563 891 594 920 in
619 900 650 920 se
677 897 779 921 mutuo
800 897 967 926 transeant,
989 889 1151 918 formentur
1172 895 1258 922 vasa,
1283 885 1430 921 quomodo
1452 884 1582 913 formen-

62 948 111 971 tur
127 943 271 979 musculi,
293 949 322 972 et
340 943 467 979 reliquae
489 942 622 980 corporis
645 943 760 972 humani
777 950 884 980 partes.
926 942 1005 971 Haec
1027 947 1141 975 autem,
1164 947 1252 974 quum
1277 943 1304 965 et
1330 935 1495 972 quingentIS
1518 943 1582 963 mo-

62 993 107 1022 dis
132 994 268 1030 explicari
287 993 420 1031 possint,
443 1001 470 1023 et
489 995 547 1031 jam
568 994 708 1030 explicata
731 994 790 1023 sint
810 994 919 1030 (34),
940 990 1088 1021 brevitatis
1112 989 1202 1026 gratia
1229 987 1409 1023 linquimus,
1439 986 1507 1014 satis
1536 985 1582 1014 in-

63 1044 185 1073 dicasse*
199 1051 332 1081 putantes
347 1065 358 1081 ,
386 1045 466 1080 quod
483 1044 616 1081 lymphae
639 1045 825 1081 coagulabilis
847 1045 956 1081 (35),
978 1041 1097 1079 glutinis
1114 1039 1193 1070 illius
1207 1038 1356 1073 animalis,
1381 1046 1457 1073 ope,
1478 1038 1580 1065 vulne·

61 1103 127 1124 rum
150 1095 251 1124 reunio
279 1095 343 1124 fieri
366 1095 481 1132 possit,
512 1102 540 1123 et
570 1104 645 1125 nova
667 1095 697 1124 in
720 1095 790 1131 his,
818 1094 843 1124 si
868 1093 1051 1130 requiratur,
1080 1090 1258 1120 substantiae
1285 1089 1483 1126 1·egenerat10;
1508 1096 1584 1124 quae

61 1152 161 1175 tamen·
185 1145 361 1183 regeneratio
390 1154 452 1174 non
475 1145 587 1182 requiri
615 1146 746 1182 videtur,
778 1155 867 1182 quum
898 1153 962 1174 raro
992 1150 1040 1175 aut
1065 1150 1212 1177 nunquam
1242 1142 1383 1177 vulnera,
1412 1140 1441 1170 in
1473 1139 1583 1175 quibus

66 1196 243 1226 substantiae
262 1198 371 1234 jactus-a
391 1196 468 1226 facta
489 1203 553 1234 est,
574 1206 626 1235 per
649 1199 833 1227 intentIoncm
853 1196 982 1226 Naturae
999 1194 1180 1231 primariam,
1202 1193 1237 1221 de
1265 1193 1322 1228 qua
1346 1191 1513 1228 loquimur,
1536 1198 1581 1218 sa-

64 1247 126 1277 nani
145 1257 234 1285 posse
255 1248 424 1302 videantur.

186 1326 217 1362 S
248 1332 278 1362 5.
329 1324 468 1364 Quomodo
488 1325 614 1356 Natura
632 1333 768 1357 versatur
786 1327 818 1355 in
838 1324 957 1360 ossibus,
974 1330 1030 1363 per
1048 1323 1229 1352 intentionem
1244 1321 1423 1360 primariam
1435 1341 1446 1356 ,

692 1375 923 1415 redintegrandis
934 1376 951 1404 ,2

184 1410 189 1416 Γ
244 1410 249 1422 Γ

97 1453 154 1483 »Adi
172 1453 282 1482 hancce
306 1454 502 1490 quaestionem
529 1455 764 1492 respondentium
779 1474 789 1489 ‚
814 1459 966 1482 auctorum
985 1447 1126 1488 insignem
1151 1456 1233 1479 antea
1254 1448 1452 1477 recensuimus
1481 1455 1584 1476 nume·-

61 1512 145 1540 tum,
175 1512 334 1540 eorumque
360 1504 420 1534 fere
450 1505 604 1543 singulos,
635 1506 664 1535 in
689 1507 796 1540 hocce,
829 1513 887 1540 quo
911 1509 1013 1532 natura
1037 1502 1068 1531 in
1096 1503 1170 1531 callo
1194 1500 1325 1531 faciendo
1352 1499 1461 1534 utitur,
1493 1499 1584 1526 modo

62 1555 215 1587 indicando
242 1562 271 1583 et
294 1556 483 1592 explicando,
513 1557 596 1593 priva
620 1557 754 1592 quaedam
785 1561 814 1584 et
836 1554 989 1591 peculiaria
1013 1553 1070 1582 sibi
1093 1553 1196 1581 habere
1216 1551 1417 1580 indicavimus,
1467 1550 1579 1579 Aucto-

64 1612 128 1635 rum
149 1606 275 1639 morum,
289 1607 423 1643 plerique
449 1607 534 1644 plane
558 1607 614 1636 sibi
638 1606 771 1643 opposita
792 1606 866 1635 facta
888 1614 948 1635 non
976 1613 1039 1633 raro
1067 1603 1248 1638 referebant,
1279 1610 1307 1630 et
1323 1601 1463 1630 Naturam
1489 1609 1584 1631 tamen

66 1664 195 1694 agentem
215 1666 246 1687 se
264 1658 452 1694 observasse,
478 1665 506 1688 et
521 1659 606 1687 hasce
628 1658 844 1687 observationes
861 1663 970 1686 tantum
983 1676 997 1692 ,
1015 1656 1117 1684 sedulo
1133 1654 1223 1683 factas
1234 1674 1245 1690 ,
1274 1662 1304 1682 se
1321 1661 1504 1689 enumerare,
1524 1660 1583 1681 tes-

1541 1712 1587 1733 ta-

97 1783 179 1818 (32)
199 1759 349 1817 Bildungs·
357 1785 445 1816 trieb3
461 1783 613 1818 Biidungs-
622 1792 753 1819 process3
771 1785 952 1811 Evolntions-
958 1788 1087 1817 proeess;
1107 1782 1285 1814 Cryst‘uhsat
1290 1789 1356 1807 ons
1364 1787 1490 1834 process.

121 1837 153 1863 33
199 1831 279 1864 Phys.
304 1828 330 1862 ἓ.
366 1832 379 1858 8
400 1839 428 1857 se

96 1830 179 1910 {34}
196 1876 259 1903 Vid.
278 1885 306 1904 V.
304 1838 363 1904 <25
374 1878 397 1912 J.
419 1840 457 1904 ἒ.
469 1879 542 1905 Reil'
546 1887 558 1904 s
571 1878 624 1905 und
642 1879 666 1914 J.
682 1879 715 1904 H.
730 1878 760 1904 F.
779 1876 947 1903 Autenrieth'
951 1883 962 1901 s
981 1874 1086 1901 Archiv
1100 1876 1145 1901 fur
1163 1875 1206 1901 die
1222 1876 1380 1908 Physiolog.
1400 1875 1480 1901 IXter
1493 1874 1583 1906 Baud,

65 1920 155 1949 Hane
150 1924 238 1956 1809.
248 1931 309 1956 pag.
324 1925 373 1957 556
394 1931 471 1958 seqq.
508 1926 532 1960 J.
548 1926 576 1951 F.
594 1927 698 1951 Pierers
719 1925 913 1950 Auatomiseh
924 1923 1164 1955 Physiologisches
1183 1923 1441 1954 Realworterbucm
1460 1923 1486 1947 in
1511 1928 1583 1948 voce

65 1971 194 2005 Budung
207 1973 444 2008 113and‚1,eipz
461 1975 535 2001 1816.
558 1982 617 2008 pag
635 1981 778 2008 741seqq,

99 2021 182 2054 (35)
201 2020 275 2052 Quae
291 2022 335 2047 Cl.
355 2021 564 2053 sommeringius
586 2023 611 2046 in
633 2021 697 2046 noia
713 2027 760 2052 514
787 2018 817 2043 ad
836 2019 919 2045 Doct.
941 2017 1059 2043 Baillie's
1078 2016 1219 2042 Anatornie
1241 2015 1288 2042 des
1305 2016 1478 2041 kratkhafteu
1498 2016 1588 2041 Banna>

66 2061 120 2093 etc}
140 2065 174 2092 de
190 2064 345 2101 'praecipuis
369 2069 394 2094 in
415 2069 466 2093 hac
480 2069 591 2102 lympha,
603 2068 774 2100 coagulabili‚
795 2068 870 2092 vario
890 2070 1031 2098 tempore,
1049 2062 1222 2090 observandis
1244 2063 1433 2096 phaenomenis
1446 2082 1453 2094 ‚
1474 2062 1583 2094 egregie

68 2111 360 2148 disputaritfflmutatis,
376 2115 522 2147 mutandis,
540 2116 593 2141 huc
612 2115 712 2141 referri
729 2121 872 2141 merentur.
