1961 2438
722 89 1115 130 ORATIO.
1615 98 1659 133 51¹:

219 180 329 222 Quid?
350 189 460 212 nonne
491 177 546 211 tali
577 179 750 223 praeconio
782 179 919 223 dignum
949 181 1154 214 aestimemus
1180 193 1334 226 magnum
1367 194 1652 218 ΗιΕιιοΝῩΜυπ

175 250 194 270 ι
207 250 307 270 Azan
322 248 446 277 nium,
469 248 566 281 quem
589 238 658 269 aevi
676 239 778 268 nostri
801 240 1070 270 Astrouomorum
1090 242 1213 271 Patrem
1232 247 1314 272 recte
1331 242 1404 284 quis
1423 241 1556 281 dixerit3
1579 244 1655 286 qui,

173 307 247 327 cum
271 294 466 339 praeclarum
479 296 579 326 'suum
603 304 685 337 opus
716 293 908 326 didacticum
922 317 932 335 ,
956 306 1042 326 anno
1061 296 1235 338 superioris
1255 291 1354 327 seculi
1378 297 1587 340 nonagesimo
1606 309 1654 329 se-

175 352 296 391 cundo,
318 358 517 395 postremum
547 349 654 382 ederet
680 362 776 382 senex
791 375 801 389 ,
825 350 878 388 id,
904 352 954 382 sui
974 351 1103 394 quidem
1130 363 1186 395 per
1213 352 1423 395 quadraginta
1441 364 1544 386 annos
1564 354 1653 387 labo.

174 410 219 441 ris
244 408 404 447 fructum,
428 406 538 438 itidem
561 417 639 438 vero
665 408 834 445 omnium,
862 418 1074 451 quaeeunque
1101 419 1158 451 per
1181 408 1287 440 secula
1318 411 1463 453 quinque
1485 418 1517 442 et
1545 412 1652 454 vigin-

175 469 199 498 ti
222 465 442 510 praestiterant
464 463 613 495 scientiae
639 470 765 496 nostrae
784 463 944 504 cultores,
967 467 1134 496 Summam
1162 466 1229 509 ipse
1253 466 1368 497 merito
1395 468 1607 511 nuncupavit.

217 581 372 615 Lalandio
399 593 458 613 cur
476 591 542 613 non
569 580 716 623 proxime
736 579 910 623 adjungam
942 590 1207 613 rnlnssnlcun
1232 568 1505 613 annononunt
1537 593 1609 613 sen
1622 594 1658 614 u.

177 651 358 679 BERTUM,
381 641 488 671 virum
507 637 682 675 eximium,
708 638 766 680 qui
795 637 856 668 sub
878 636 977 668 finem
1003 649 1134 682 quoque
1160 637 1258 669 seculi
1285 638 1401 669 decimi
1433 639 1557 677 octavi,
1589 651 1657 671 me.

177 697 278 728 thodo
302 706 457 739 perquam
482 693 589 733 facili,
613 693 714 725 veluti
737 695 764 725 si
794 695 866 737 quis
893 696 1052 739 horologii
1083 696 1240 728 rationem
1270 695 1402 736 doceat,
1427 698 1532 740 primo
1556 704 1660 730 exter-2

177 765 258 786 num
283 754 435 785 horarum
461 751 638 789 indicium,
664 757 734 782 tum
763 753 924 784 internam
947 759 1094 785 rotarum
1114 764 1321 797 compagem,
1347 752 1487 797 denique
1520 753 1654 784 abscon-

177 812 276 842 ditam
296 811 454 850 clasterii,
477 808 567 853 quod
587 808 725 847 dicunt,
756 810 823 842 vim
850 812 1017 842 motricem
1052 809 1274 848 ostendendo,
1310 811 1355 842 sic
1380 811 1498 853 igitur,
1523 809 1656 847 eodem,

177 879 244 911 quo
265 868 334 911 ipsa
356 867 488 899 scientia
519 865 638 902 crevit,
671 876 841 908 processu,
874 877 1004 898 omnem
1039 866 1242 909 disciplinam
1275 869 1534 900 Astronomicam
1555 866 1658 898 tribus

178 925 325 967 partibus
339 923 451 961 docte,
475 923 655 966 perspicue,
679 930 823 954 accurate
845 924 887 954 ita
916 924 1103 966 proposuit,
1125 930 1162 954 ut
1179 924 1281 966 prima
1301 930 1407 965 parte,
1430 931 1527 966 quam
1545 923 1659 965 sphae-

180 984 277 1012 ricam
297 980 395 1017 dixit,
418 980 527 1009 omnia
548 978 629 1009 coeli
647 978 867 1020 adspectabilis
884 982 1105 1023 phaenomena
1131 986 1310 1017 enarrarem
1338 971 1452 1018 altera,
1483 979 1655 1010 theoretica

179 1039 251 1078 illa,
280 1038 399 1081 quibus
422 1036 547 1080 legibus
572 1036 795 1079 obtemperent
831 1045 939 1070 motus
969 1036 1139 1074 coelestes,
1176 1035 1349 1080 Keplerum
1377 1042 1529 1075 secutus,
1559 1046 1656 1066 mon·

179 1102 310 1135 strare13
332 1095 443 1133 tertia,
468 1104 556 1136 quae>
570 1092 707 1136 physica
731 1094 829 1133 dicta,
858 1096 1067 1128 Newtoniana
1090 1093 1285 1136 subtilitate,
1308 1094 1479 1126 sublimem
1493 1116 1504 1134 ‚
1527 1092 1655 1136 qualem

180 1152 371 1196 Laplacius,
399 1150 538 1193 analysis
569 1149 729 1181 calculum
763 1151 917 1184 adhibens
945 1163 1055 1184 causas
1085 1151 1275 1194 explicaret:
1299 1162 1381 1194 quae
1407 1149 1538 1193 quidem
1564 1149 1655 1180 tertia

182 1220 275 1253 pars,
297 1209 401 1241 multo
424 1207 497 1238 licet
516 1206 706 1239 difficillima
729 1209 810 1240 mira
834 1209 941 1242 tamen
960 1209 1161 1253 simplicitate
1179 1207 1337 1239 elaborata
1360 1212 1500 1251 apparet.

224 1325 292 1355 Jam
319 1334 397 1356 vero
429 1329 563 1359 summis
588 1328 700 1371 utique
732 1325 883 1358 laudibus
912 1324 1023 1356 efferre
1049 1323 1158 1363 decet,
1188 1322 1296 1366 dignis
1321 1321 1472 1365 equidem
1500 1331 1569 1351 non
1599 1330 1653 1350 va·

184 1381 254 1421 leo,
275 1393 429 1427 magnum
451 1383 528 1413 olim
552 1383 696 1426 Lalandii
724 1382 933 1426 discipulum,
964 1392 1062 1424 quem
1087 1389 1224 1423 magnus
1249 1378 1398 1421 magister
1426 1388 1459 1408 se
1486 1376 1581 1418 longe
1603 1387 1656 1406 su-

182 1445 385 1481 peraturum,
407 1439 474 1470 suis
492 1439 655 1482 operibus·
669 1439 806 1482 perfecta
827 1438 929 1479 magis
952 1436 1126 1480 aliquando
1151 1435 1355 1479 proditurum
1382 1445 1469 1473 esse,
1493 1434 1556 1475 jam
1584 1438 1654 1462 tum

183 1494 384 1538 praedicebat
409 1506 523 1534 verax,
547 1495 785 1528 nobiiissimum
813 1494 907 1525 illum
927 1496 1131 1525 Geometram
1159 1503 1468 1530 DELAMBRlUM‚
1492 1491 1654 1534 optimum

181 1554 305 1590 virum,
329 1558 360 1582 et
382 1552 482 1582 animi
508 1553 625 1594 pariter
647 1558 678 1583 et
710 1553 831 1593 ingenii
865 1550 996 1582 dotibus
1016 1550 1225 1594 praeclarum.
1272 1550 1338 1590 Qui
1367 1549 1428 1580 hoc
1454 1547 1561 1580 seculo
1578 1557 1654 1578 cum

184 1606 376 1639 Geodesiam
395 1615 464 1637 tum
488 1609 714 1639 Astronomiae
733 1616 765 1639 et
790 1609 962 1640 Historiam
989 1620 1119 1640 omnem
1146 1616 1178 1639 et
1204 1608 1374 1639 Theoriam
1407 1613 1438 1638 et
1459 1606 1574 1638 Praxin
1608 1611 1657 1636 tot

182 1663 307 1699 eximiis
326 1663 451 1705 scriptis
476 1662 611 1694 mirifice
631 1663 821 1704 illustravit;
843 1665 940 1708 idque
960 1665 1112 1696 methodo
1136 1676 1218 1696 nova
1236 1664 1426 1708 plerumque
1450 1670 1481 1694 et
1502 1663 1655 1705 propria,

184 1718 358 1762 eademque
381 1719 538 1761 aequabili
567 1720 692 1762 sibique
715 1710 895 1762 constante,
926 1721 1057 1753 sublimi
1081 1721 1178 1752 simu}
1201 1728 1232 1752 et
1257 1721 1412 1763 simplici,
1444 1726 1509 1750 tam
1534 1718 1656 1761 perspi-

185 1788 264 1813 cua..
287 1783 350 1807 tam
368 1776 472 1815 faciti,
499 1784 534 1808 ut
551 1777 634 1808 nihil
655 1788 722 1809 non
746 1778 878 1822 planum
902 1778 1083 1822 legentibus
1105 1777 1237 1816 efficiat,
1261 1776 1420 1808 scribendi
1440 1786 1555 1819 genere
1575 1782 1655 1804 usus

185 1833 383 1877 peritissimis
406 1844 474 1865 non
501 1834 612 1865 minus
630 1841 741 1878 grato,
767 1846 864 1879 quam
892 1834 1036 1866 discendi
1059 1835 1184 1879 cupidis
1204 1841 1326 1878 apertO.
1350 1834 1435 1876 ¹3³⁸).

965 2040 992 2072 ς,
1014 2048 1034 2082 3
1567 2029 1658 2074 yid}-
