1930 2448
346 137 667 172 COMMENTATIO
697 145 741 168 AD
773 134 1085 175 QUAESTIONEM
1113 136 1336 169 PHYSICAM.
1568 141 1604 172 15

88 227 204 259 maricae
214 232 351 264 ponatur,
364 231 392 253 et
407 224 452 252 a'er
461 223 540 252 illum
554 228 719 259 apparatum
731 221 910 250 circumdans
922 222 1034 252 rarefiat
1044 244 1053 258 ‚
1063 221 1187 251 effectus
1197 228 1290 250 tamen
1302 228 1363 250 non
1376 224 1522 249 mutantur
1534 217 1601 256 (8).

124 280 221 317 Quum
233 284 323 306 autem
337 275 560 312 experimentum
574 282 630 310 ope
639 279 787 310 apparatus
800 278 807 297 s
817 271 870 310 fig.
885 282 900 310 3
910 277 918 289 ‘¹
936 273 1104 303 instituatur
1115 296 1124 310 ,
1138 274 1340 303 attendendum
1353 280 1395 302 est
1405 273 1439 302 ad
1448 272 1605 307 actionem,

91 341 174 369 quam
187 329 347 361 videbimus
362 328 494 356 tellurem
511 325 541 355 in
554 326 747 354 conductores
765 323 887 352 mobiles
901 333 1043 354 exercere,
1073 327 1126 354 Illa
1140 325 1251 355 actione
1269 326 1430 354 conductor
1450 323 1603 353 EFlKGE

91 384 120 414 in
139 381 313 420 positionem
331 378 591 417 perpendicularem
610 375 760 405 directioni
787 384 856 404 acus
878 375 1061 412 Magneticae
1078 376 1263 413 perducitur,
1286 376 1324 405 ita
1342 383 1373 405 ut
1387 377 1483 405 fluxus
1500 375 1529 404 in
1546 380 1609 411 par-

89 441 118 465 te
138 432 274 463 inferiore
296 431 335 459 11<
354 430 471 467 prodeat
488 428 521 456 ab
539 426 649 455 oriente
664 434 764 455 versus
781 426 969 456 occidentem.
1010 427 1058 456 Ne
1076 427 1164 464 igitur
1184 428 1345 456 conductor
1361 428 1461 456 eodem
1480 435 1610 455 momen-

87 493 119 516 to
140 484 252 514 actione
267 481 378 510 telluris
400 489 427 508 et
445 479 487 508 fili
505 478 563 517 QV
581 478 737 513 afficiatur‚
760 485 911 514 antequam
924 480 1029 509 actioni
1049 480 1090 509 fili
1110 480 1299 518 subjiciatur,
1327 479 1355 508 in
1380 479 1527 516 positione
1551 488 1610 507 me-

87 529 197 568 morata
211 542 254 565 est
273 533 442 571 ponendus;
467 532 523 560 hoc
541 536 657 568 peracto
676 529 700 559 si
712 529 792 558 filum
812 530 870 568 QV
887 530 917 559 in
934 531 1015 561 illum
1032 540 1114 570 agere
1130 531 1247 569 inpriat
1258 552 1268 567 ‚
1289 540 1349 560 non
1365 530 1487 567 amplius
1496 529 1610 559 telluris

89 589 202 620 actione
223 586 363 620 afficitur,
385 584 436 612 sed
453 589 564 612 tantum
583 581 688 610 actioni
713 581 754 609 fili
773 589 852 619 paret
870 582 949 621 (9).

128 640 299 670 Conductor
315 635 431 665 mobilis
456 634 539 663 etiam
554 633 661 663 actioni
676 633 789 662 telluris
814 633 934 664 distrahi
949 642 1045 673 potest
1057 657 1066 671 ,
1086 636 1110 665 si
1128 635 1238 665 scilicet
1259 635 1401 665 formetur
1418 635 1468 664 filo
1485 634 1523 663 ita
1541 643 1611 663 con-

89 699 168 722 torto
180 712 190 726 ‚
212 697 244 718 ut
256 688 415 717 conductor
432 695 466 714 ex
482 685 594 714 duabus
610 691 725 714 constet
740 685 860 722 figuris,
881 695 1000 722 quarum
1018 689 1104 716 altera
1119 697 1133 716 a
1151 689 1255 716 tellure
1272 687 1392 716 afficitur
1410 686 1522 714 actione
1539 694 1611 714 con-

89 743 175 774 traria
199 740 284 770 simili
305 737 412 768 actioni
431 737 460 766 in
477 738 604 765 alteram.
648 736 735 765 Tales
756 745 824 766 sunt
847 739 1041 767 conductores
1064 739 1120 777 fig,
1138 747 1155 776 5·
1175 747 1203 769 et
1220 741 1251 768 6.
1292 739 1360 768 Pars
1378 738 1452 767 enim
1474 737 1609 766 CDKFH

93 794 166 832 (fig.
180 795 219 830 5)
240 791 360 820 formam
377 789 463 818 habet
480 787 638 824 rectanguli
654 787 714 815 fere
737 788 844 824 clausi,
867 788 896 817 in
914 799 972 825 quo
993 791 1087 819 fluxus
1104 791 1201 827 prodit
1220 791 1249 820 in
1268 790 1429 819 directione
1449 788 1609 824 CDKFH3

92 855 158 885 pars
177 842 303 873 HIELG
320 840 435 870 eandem
455 839 541 867 habet
557 838 698 874 formam,
719 839 770 867 sed
784 839 813 868 in
829 840 885 867 hoc
903 843 1071 879 rectangulo
1085 843 1182 871 fluxus
1198 842 1318 871 directio
1340 841 1482 871 contraria
1509 848 1552 870 est
1569 841 1615 869 di-

91 895 214 928 rectioni
233 896 295 931 ejus
319 893 348 922 in
364 891 454 929 prima
472 897 564 928 parte.
606 890 694 920 Actio
713 891 802 928 igitur
819 893 933 921 telluris
954 893 983 922 in
1002 900 1111 930 partem
1132 894 1271 922 CDKFH
1291 901 1334 922 est
1352 893 1481 929 aequalis
1499 900 1526 921 et
1543 902 1615 922 con·

92 947 176 978 traria
197 943 304 975 actioni
329 943 358 972 in
385 949 493 979 partem
517 941 648 970 HIELG
665 951 675 978 3
704 942 756 970 hae
784 942 911 972 actiones
939 953 1007 981 ergo
1034 954 1096 973 sese
1128 945 1250 974 invicem
1282 945 1435 973 destruunt
1447 966 1458 979 ‚
1491 951 1518 973 et
1545 953 1616 972 con-

92 1001 196 1030 ductor
220 998 250 1027 in
277 1003 449 1032 quacunque
474 993 619 1030 positione
645 995 724 1022 nulla
752 993 864 1022 telluris
891 995 1003 1025 actione
1025 996 1176 1025 afficietur.
1218 995 1311 1023 Simili
1337 995 1424 1023 modo
1454 995 1615 1024 conductor

92 1050 166 1088 (fig.
181 1049 225 1087 6)
243 1046 395 1076 confectus
414 1051 456 1073 est
484 1047 571 1080 (10).
615 1044 647 1073 Si
662 1044 750 1081 igitur
778 1044 807 1073 hi
827 1045 1020 1075 conductores
1038 1046 1067 1075 in
1082 1051 1219 1083 apparatu
1243 1044 1317 1083 (fig.
1336 1047 1378 1083 3)
1399 1046 1466 1073 loco
1486 1045 1614 1074 conduc-

63 1100 65 1102 ’
93 1103 168 1132 toris
187 1097 337 1129 EFlKGE
358 1097 591 1133 suspendantur,
613 1096 693 1125 filum
712 1097 770 1135 QV
787 1098 881 1126 solum
904 1097 934 1127 in
952 1098 1018 1127 illos
1031 1104 1104 1135 aget.

131 1153 181 1183 Ex
194 1151 274 1180 hisce
289 1148 424 1177 omnibus
440 1147 528 1184 igitur
545 1147 694 1184 sequitur:

63 1213 64 1217 ¹
95 1205 139 1237 ιο.
167 1202 378 1233 Attractionem
397 1200 470 1229 inter
491 1200 565 1228 duos
581 1200 675 1229 fluxus
690 1202 787 1229 locum
805 1201 929 1236 habere,
952 1201 979 1230 si
996 1201 1025 1231 in
1050 1202 1144 1230 eadem
1163 1199 1324 1230 directione
1344 1199 1505 1236 prodeant,
1524 1204 1551 1226 et
1571 1206 1616 1226 re-

64 1250 67 1252 ’
170 1254 355 1292 pulmonem,
373 1260 461 1287 quum
483 1251 657 1280 contrarium
677 1253 774 1280 locum
793 1251 940 1288 obtineat3

96 1307 144 1338 20.
170 1307 201 1335 Si
218 1303 348 1334 attractio
364 1305 460 1332 locum
476 1303 601 1339 habeat,
617 1304 825 1333 conductorem
847 1304 1003 1340 mobilem,
1024 1312 1088 1333 cum
1107 1303 1165 1332 fixo
1191 1303 1220 1332 in
1244 1308 1408 1332 contactum
1432 1301 1592 1331 venientem
1605 1322 1615 1336 ,

171 1356 229 1394 ipsi
240 1356 353 1384 affixum
369 1362 499 1389 manereg.

97 1410 142 1447 30.
165 1408 274 1437 Omnes
290 1406 344 1434 hos
367 1404 492 1433 effectus
508 1405 593 1434 etiam
611 1405 641 1435 in
661 1407 724 1434 aere
741 1406 880 1436 rarefacto
897 1407 995 1435 adesse
1006 1415 1017 1442 ;
1038 1405 1163 1441 denique

94 1461 141 1498 4⁰.
164 1459 285 1488 Omnem
303 1455 438 1484 effectum
458 1464 568 1485 cessare
579 1477 588 1492 ,
604 1457 628 1485 si
647 1457 787 1487 circuitus
803 1459 841 1487 sit
856 1458 1037 1495 interruptus
1057 1460 1072 1494 (
1085 1466 1113 1486 11
1127 1461 1152 1494 J.

190 1537 219 1572 §.
249 1544 279 1564 2.
319 1532 408 1571 Leges
431 1534 638 1562 attractionum
658 1541 685 1562 et
705 1536 894 1573 repulsionum
915 1534 1036 1564 duorum
1058 1534 1205 1563 Flnxtmm
1229 1534 1461 1570 ,Electricorum,
1491 1535 1524 1562 in

635 1594 800 1624 quacumque
821 1595 916 1616 corum
935 1586 1080 1625 positione.

137 1664 206 1694 Huc
231 1671 325 1699 usque
350 1669 459 1692 tantum
482 1661 593 1698 egimus
615 1662 650 1690 de
674 1661 810 1699 legibus,
842 1663 948 1700 quibus
973 1665 1048 1693 actio
1074 1668 1173 1692 mutua
1198 1662 1326 1691 fluxuum
1353 1662 1554 1698 parallelorum
1576 1666 1621 1689 est

99 1716 257 1751 obstricta3
274 1716 361 1753 hujUs
380 1714 501 1743 actionis
520 1715 598 1750 leges
618 1713 647 1743 in
666 1723 841 1750 quacunque
858 1716 986 1745 fluxuum
1004 1715 1153 1752 positione
1169 1714 1262 1743 adhuc
1286 1721 1354 1742 sunt
1377 1713 1616 1742 determinandae.

136 1767 200 1796 Sint
221 1765 292 1804 (fig.
306 1768 345 1803 7]
367 1767 425 1794 duo
442 1765 536 1793 fluxus
557 1765 606 1794 AB
629 1773 656 1793 et
677 1765 732 1795 CD
746 1787 756 1801 ‚
780 1775 898 1802 quarum
921 1767 1072 1803 portiones
1092 1765 1203 1794 infinite
1225 1774 1328 1801 parvae
1347 1766 1394 1795 ax'
1417 1771 1444 1793 et
1464 1764 1517 1800 ββ’
1544 1764 1618 1793 inter

97 1830 129 1850 se
144 1826 253 1856 agunt3
274 1817 403 1847 attractio
413 1817 513 1852 adest,
531 1817 555 1845 si
572 1817 702 1846 fluxuum
719 1817 840 1847 directio
859 1818 952 1846 eadem
966 1817 1024 1852 sit,
1046 1816 1195 1853 repulsio,
1217 1816 1242 1844 si
1261 1816 1437 1846 contrarium
1457 1817 1555 1844 locum
1565 1815 1615 1843 ha·

60 1865 64 1886 ·”
99 1871 176 1900 beat.
208 1869 337 1905 Legibus
355 1869 389 1897 de
407 1868 521 1897 actione
537 1875 635 1896 mutua
653 1867 753 1896 talium
771 1868 934 1905 portionum
955 1867 1079 1905 cognitis
1091 1888 1101 1902 ‚
1124 1866 1208 1896 facile
1223 1867 1289 1896 inde
1309 1868 1343 1896 ad
1359 1869 1436 1904 leges
1455 1867 1489 1896 de
1505 1866 1619 1896 actione

4 1941 6 1948 .
39 1946 42 1949 .
75 1954 77 1958 y
103 1929 203 1952 mutua
223 1927 351 1949 totorum
371 1919 503 1948 fluxuum
527 1919 662 1949 concludi
688 1926 805 1957 potest;
829 1921 924 1949 omnis
944 1920 1017 1949 enim
1034 1920 1130 1949 fluxus
1148 1919 1322 1948 considerari
1343 1926 1462 1956 potest,
1484 1926 1618 1954 tanquam

1546 1978 1618 1999 COD·

136 2052 200 2088 (8)
226 2053 285 2080 eff.
312 2051 424 2077 Annales
441 2057 489 2078 etc.
513 2053 532 2078 l.
549 2060 572 2079 c.
830 2052 896 2087 (9)
922 2055 969 2081 Cf.
991 2053 1090 2087 Exposc‘
1110 2058 1159 2080 etc.
1185 2053 1210 2086 §-
1225 2059 1251 2086 5.

138 2099 217 2134 (ιο)
242 2099 300 2125 Csf.
317 2097 413 2129 Expose
430 2103 478 2123 etc.
507 2097 532 2130 §.
549 2098 585 2128 6;
613 2097 729 2124 Annales
746 2104 795 2125 etc.
822 2106 887 2126 tom.
903 2101 962 2128 XV.
988 2107 1050 2134 pag.
1066 2101 1113 2134 187
1131 2106 1207 2134 seq.;
1226 2106 1252 2126 et
1281 2105 1345 2127 tom.
1363 2098 1464 2126 XVIII.
1482 2105 1543 2132 pag.
1556 2103 1601 2131 93·

142 2145 223 2181 (ιι)
244 2145 302 2172 Csf.
320 2144 433 2170 Annales
450 2148 498 2170 etc.
521 2149 585 2170 tom.
600 2144 659 2171 XV.
680 2151 739 2178 pag.
754 2152 800 2180 70.
