1930 2448
336 102 370 137 33
556 91 1607 132 JACOBIHENRICIVANDERHEIM

339 179 437 209 ordine
455 176 683 215 pronuntiaverit
695 175 912 210 Gotliol'redus,
932 176 1019 203 multa
1036 181 1129 204 tamen
1145 181 1319 210 occurrunt,
1342 182 1414 210 quae
1432 182 1467 203 an
1483 174 1599 203 omnino
1615 174 1738 210 legitima
1756 175 1835 211 sint,

339 230 440 259 merito
467 228 552 257 dubia
572 228 707 256 excitant.
754 227 846 264 Quam
873 226 988 263 exiguae
1009 233 1036 254 et
1057 234 1161 262 paucae
1179 225 1236 254 sint
1260 234 1293 253 ex
1314 224 1440 260 antiquis
1467 224 1657 260 scriptoribus
1681 226 1837 261 reliquiae,

343 290 414 316 quae
438 281 471 308 ad
493 279 619 308 ordinem
648 279 829 308 indicandum
850 279 980 312 valeant,
1010 285 1096 312 supra
1121 276 1263 304 vidimus:
1287 275 1325 303 ita
1345 282 1375 303 ut
1399 275 1433 303 ab
1458 277 1544 303 altera
1569 282 1648 311 parte
1671 277 1837 311 stupendam

338 332 464 359 dicamus
485 331 591 367 ingenii
609 330 777 358 alacritatem
796 328 971 357 Gothofredi
989 336 1106 357 neeesse
1129 327 1190 362 sit,
1212 327 1245 355 ab
1271 328 1355 355 altera
1378 333 1456 362 parte
1478 333 1589 360 tamen,
1611 334 1669 354 non
1695 326 1839 361 possimus

339 382 408 417 quin
428 384 575 418 lugeamus
589 402 598 416 ,
621 388 696 410 tanta
714 380 798 409 nobis
815 387 973 415 temporum
988 378 1090 415 injuria
1113 377 1231 414 petiisse
1252 377 1436 405 monimenta.
1478 377 1576 411 Itaque
1600 376 1731 405 universe
1756 385 1839 405 nemo

340 433 412 468 erit,
437 432 505 468 quin
532 432 615 460 nobis
646 431 814 461 assentiatur
840 430 1000 459 dicentibus
1027 429 1111 458 verba
1136 429 1184 457 vix
1216 428 1336 457 inveniri
1364 436 1450 463 posse
1478 435 1509 456 ut
1535 434 1598 463 apte
1628 426 1734 462 ingenii
1761 436 1841 463 prae·

337 483 438 512 stantia
456 490 483 511 et
505 491 623 511 acumen
645 481 819 511 Gothofredi
838 480 924 518 justis
950 480 1081 508 efferatur
1102 479 1232 508 laudibus
1247 500 1256 513 ‚
1279 478 1328 514 qui
1346 487 1379 506 ex
1398 479 1496 514 paucis
1521 478 1599 507 hisce
1617 485 1744 506 veterum
1761 478 1841 507 testi-

337 535 442 563 moniis
461 541 538 562 tanta
556 533 711 561 subtilitate
729 532 856 561 ordinem
881 530 1029 559 restituere
1055 529 1196 564 valuerit,
1221 538 1303 564 quem
1328 530 1383 559 nisi
1409 529 1565 565 legitimum
1590 535 1717 557 veterum
1742 528 1840 556 Tabu-

337 587 425 615 larum
444 585 541 618 dicas,
560 584 736 620 ingeniosum
754 589 781 611 ct
806 582 981 618 probabilem
1002 587 1077 609 certe
1100 588 1259 617 agnoscas,
1284 589 1340 615 quo
1360 580 1460 608 melior
1480 579 1528 607 vix
1549 578 1703 615 excogitari
1725 579 1840 615 possit,

339 636 416 671 nisi,
438 636 516 672 quod
531 636 612 664 valde
630 634 784 670 optandum
803 640 865 669 est,
887 641 921 662 ex
936 632 1104 669 antiquitate
1122 640 1197 661 nova
1220 637 1353 660 eruantur
1375 637 1503 660 veterum
1526 629 1655 666 scripta,
1678 639 1748 666 quae
1769 631 1840 660 hanc

337 687 477 716 materiam
504 687 661 722 attingunt.
1480 681 1483 685 “

412 766 441 801 §.
465 770 493 798 5.
551 762 612 790 'cm
630 761 738 798 Legum
759 760 861 798 Capita
880 769 899 788 a
910 760 998 797 falsis
1016 759 1208 797 tlisaet'nglsere,
1232 764 1259 786 et
1277 759 1376 786 omissa
1402 767 1436 786 ex
1460 757 1634 794 antiquitate
1646 766 1763 795 eruere,

653 814 834 850 corrttpliora
850 811 966 849 denique
985 811 1151 847 conjecturis
1167 810 1317 838 restituere
1332 815 1447 837 conatos
1465 815 1517 838 est.

376 889 536 927 Quaestio,
561 898 644 925 quam
668 888 723 916 hoe
747 890 814 917 loco
837 888 950 925 aggredi
975 894 1112 924 oportet,
1140 893 1183 916 est
1207 886 1321 916 maximi
1343 885 1404 915 sine
1424 885 1511 914 dubio
1531 884 1687 920 momenti,
1708 884 1842 914 nimirum

337 950 405 971 num
433 941 460 969 in
482 940 657 976 colligendis.
675 939 842 976 fragmentis
867 948 928 968 non
954 938 1009 967 nisi
1038 938 1160 975 genuina
1187 938 1222 967 ad
1249 938 1304 967 Xlt
1322 937 1398 966 Tab.
1422 936 1571 973 retulerit,
1599 936 1751 973 omniaque
1783 945 1844 965 cer-

339 992 376 1020 tis
406 991 576 1020 testimoni-is
600 991 758 1027 gaudeant,
787 990 865 1025 quod
893 989 916 1018 si
946 989 1236 1018 demonstraverimus
1267 989 1339 1018 hanc
1369 989 1477 1017 laudem
1501 987 1685 1016 Gothofredo
1706 989 1770 1024 jure
1795 987 1844 1016 de-

338 1042 420 1077 beri,
439 1050 472 1069 ex
490 1050 523 1069 eo
539 1041 603 1076 ipso
621 1041 788 1076 apparebit,
808 1046 984 1076 quantopere
1001 1041 1063 1076 ipse
1075 1040 1208 1069 omnibus
1219 1061 1229 1076 ,
1249 1041 1297 1076 qui
1311 1047 1375 1070 ante
1392 1048 1455 1068 eum
1472 1040 1543 1068 hanc
1557 1038 1732 1075 provinciam
1747 1046 1844 1067 susce-

339 1099 463 1129 perunt,
489 1091 690 1127 praecelluisse
709 1091 844 1119 dicendus
863 1090 913 1119 sit.
954 1090 1104 1126 Superiori
1123 1091 1197 1120 enim
1213 1091 1304 1127 capite
1319 1091 1463 1125 vidimus,
1491 1099 1574 1125 quam
1599 1090 1711 1118 incaute
1733 1088 1842 1125 egerint

335 1143 404 1181 JCti
433 1142 462 1171 in
481 1141 649 1178 colligendis
670 1141 769 1169 harum
796 1140 971 1169 Tabularum
994 1140 1180 1177 fragmentis,
1212 1150 1354 1176 quamque
1382 1142 1470 1169 multa
1499 1146 1604 1168 temere
1629 1139 1660 1168 in
1685 1139 1748 1168 illas
1772 1148 1844 1168 con-

339 1194 480 1231 gesserint
505 1192 638 1221 nonnulli
670 1191 758 1220 nullis
790 1191 875 1220 certis
899 1191 1072 1220 testimoniis
1099 1191 1181 1228 nixi,
1210 1198 1239 1220 et
1260 1200 1343 1227 quam
1370 1192 1457 1219 multa
1483 1190 1565 1219 etiam
1591 1190 1625 1218 ab
1649 1188 1711 1217 aliis
1736 1188 1844 1218 fuerint

339 1245 462 1278 omissa,
485 1251 558 1279 quae
572 1242 674 1270 merito
695 1249 722 1270 et
734 1243 797 1280 jure
814 1242 849 1270 ad
863 1241 1074 1272 Decemvirales
1092 1243 1168 1279 leges
1190 1242 1335 1278 pertinere
1361 1241 1505 1270 videntur.
1546 1240 1609 1269 Nec
1629 1246 1721 1268 tamen
1740 1248 1845 1276 negan-

338 1297 404 1325 dum
423 1303 486 1330 est,
505 1302 636 1330 magnum
651 1293 680 1322 in
696 1294 747 1321 hac
764 1299 843 1329 parte
861 1292 998 1322 auxilium
1015 1299 1172 1321 mutuatum
1192 1302 1256 1322 esse
1275 1291 1490 1321 Gothofrednm
1515 1299 1548 1319 ex
1570 1291 1683 1319 illorum
1700 1290 1845 1327 JCtorum

339 1355 445 1383 opera,
469 1346 539 1381 qui,
556 1344 609 1372 etsi
629 1353 688 1373 non
705 1344 774 1372 satis
794 1343 893 1372 subtili
909 1343 1016 1381 judicio
1035 1343 1081 1372 usi
1102 1351 1170 1373 sunt
1187 1345 1221 1373 ad
1241 1343 1445 1372 decernendum
1469 1341 1538 1377 quid
1564 1341 1593 1370 in
1608 1341 1654 1369 his
1677 1341 1844 1376 sincerum,

341 1398 410 1434 quid
428 1396 522 1424 minus
541 1402 636 1431 esset,
657 1395 807 1432 diligenter
832 1401 950 1429 tamen,
973 1403 1045 1429 quae
1070 1395 1125 1423 huc
1159 1394 1353 1431 pertinerent,
1384 1393 1575 1429 collegerunt.
1615 1391 1691 1420 Hinc
1717 1400 1776 1420 non
1801 1391 1846 1420 in·

338 1448 410 1485 juria
426 1447 454 1475 hi
472 1446 630 1483 comparari
649 1452 775 1482 possunt
794 1445 947 1482 opificibus
960 1445 1036 1480 illis,
1060 1445 1108 1481 qui
1123 1455 1153 1474 v.
1177 1455 1204 1474 c.
1230 1446 1264 1474 ad
1281 1445 1396 1473 domum
1425 1443 1622 1472 exstruendam
1639 1442 1734 1478 ligna,
1756 1450 1842 1477 saxa,

340 1507 454 1528 omnem
476 1498 545 1526 adeo
570 1496 712 1525 materiam
737 1496 904 1526 aedificandi
929 1495 1070 1532 coliigunt
1090 1502 1117 1525 et
1143 1496 1285 1532 afferunt,
1309 1495 1413 1532 quibus
1437 1494 1527 1523 allatis
1551 1493 1654 1522 artifex
1676 1493 1844 1529 ingeniosus

341 1549 432 1577 utitur
449 1549 483 1576 ad
502 1548 616 1575 domum
635 1547 849 1576 aedificandam·
890 1546 948 1576 Cui
967 1546 1070 1575 artifici
1093 1556 1175 1583 quam
1191 1547 1291 1577 similis
1313 1546 1400 1575 fuerit
1418 1544 1641 1580 Gothofredus,
1661 1552 1712 1580 age
1724 1563 1735 1580 ,
1757 1551 1846 1580 quan-

341 1607 400 1628 tum
422 1598 483 1626 fieri
506 1597 619 1633 possit,
640 1598 880 1626 demonstremus.

378 1650 470 1687 Quam
494 1648 605 1685 egregie
628 1647 811 1684 superiorum
832 1648 973 1685 JCtorum
999 1656 1110 1676 errores
1137 1657 1196 1677 non
1220 1654 1349 1683 tantum,
1372 1647 1422 1676 sed
1446 1653 1474 1674 et
1497 1653 1625 1674 errorum
1659 1644 1757 1673 fontes
1778 1653 1845 1681 per-

341 1707 456 1737 spectos
472 1699 622 1734 habuerit,
645 1700 691 1727 vel
705 1698 810 1727 indicat
827 1698 991 1727 doctissima
1016 1698 1149 1734 Epistola
1176 1699 1210 1728 ad
1229 1699 1404 1733 Lectorem‚
1426 1697 1454 1725 in
1475 1705 1530 1732 qua
1548 1703 1619 1731 quae
1643 1694 1745 1724 horum
1767 1703 1846 1724 erro·

342 1760 403 1781 rum
430 1759 528 1779 causae
551 1756 648 1778 essent
672 1749 779 1786 optime
804 1749 941 1778 ostendit.
980 1749 1065 1778 Unde
1090 1749 1146 1786 jam
1174 1749 1319 1786 suspicari
1342 1748 1409 1777 licet
1432 1755 1518 1782 eum,
1548 1746 1597 1782 qui
1621 1752 1698 1774 tanta
1727 1745 1845 1774 solertia

342 1803 462 1832 aliorum
493 1809 602 1830 errores
631 1800 830 1838 investigarit,
860 1801 954 1829 eadem
985 1809 1067 1828 usum
1097 1800 1207 1835 fuisse,
1235 1809 1271 1829 ne
1297 1800 1358 1836 ipse
1382 1798 1582 1828 committeret.
1630 1797 1706 1825 Illud
1728 1805 1845 1833 quoque

342 1854 446 1889 cuique
469 1852 615 1889 apparebit
639 1852 744 1888 legenti
760 1851 863 1881 librum
879 1852 919 1880 V.
937 1852 1043 1881 nullam
1067 1852 1207 1886 prolatam
1232 1851 1323 1878 fuisse
1347 1852 1457 1886 legem,
1479 1856 1551 1883 quae
1573 1856 1632 1876 non
1656 1847 1744 1876 firmis
1761 1855 1845 1883 argu-

343 1904 446 1933 mentis
472 1903 587 1940 probari
610 1910 720 1940 posset.
761 1904 867 1938 Neque
890 1902 920 1931 in
945 1911 978 1930 eo
1002 1901 1154 1936 substitit,
1174 1910 1273 1930 verum
1299 1901 1325 1928 ei
1351 1907 1378 1928 et
1402 1901 1521 1928 alterum
1544 1897 1672 1936 adJunxit
1697 1898 1844 1933 laborem,

343 1955 476 1984 nimirum
504 1956 566 1983 loca
585 1962 711 1983 veterum
736 1954 791 1982 huc
814 1952 1005 1990 pertinentia,
1029 1962 1101 1989 quae
1119 1960 1254 1989 corrupta
1278 1961 1340 1981 esse
1362 1951 1546 1987 viderentur,
1569 1949 1742 1987 conjecturis
1764 1948 1845 1977 resti-

344 2012 423 2034 tuere
445 2011 564 2034 conatus
592 2012 647 2034 est.

384 2055 413 2085 Si
428 2056 484 2094 J'am
496 2055 570 2085 dicta
589 2055 723 2092 exemplis
739 2054 860 2092 probare
877 2055 1019 2092 velimus,
1039 2055 1148 2093 primae
1163 2056 1239 2093 leges
1249 2054 1326 2092 [satis
1343 2054 1445 2084 docere
1461 2059 1585 2091 possunt
1604 2060 1688 2089 quam
1699 2051 1842 2088 praeclare

1758 2100 1780 2130 F
1784 2109 1844 2138 rag-
