1930 2448
355 135 393 170 18
625 135 663 167 H.
729 133 772 165 A.
838 130 1187 163 HAMAKER
1260 131 1532 165 ORATIO

348 224 483 258 moriam
523 222 610 256 illius
638 220 791 263 temporis
807 242 818 258 ,
850 229 917 262 quo
939 219 1080 263 primum
1105 229 1210 251 novus
1237 220 1270 251 in
1298 219 1381 251 hanc
1410 219 1612 252 Academiam
1635 219 1755 253 advena
1780 221 1819 253 ad

351 284 416 314 Vos
436 292 474 312 ex
511 279 572 310 hoc
598 279 668 321 ipso
701 284 853 320 suggestu
881 277 978 310 verba
1008 275 1152 309 facerem.
1203 278 1292 317 Quae
1318 276 1556 319 praeteritarum
1587 287 1693 308 rerum
1716 289 1820 309 recor·

354 339 441 370 datio
468 336 546 368 adeo
576 335 722 366 luctuosa
743 340 788 365 est
812 339 843 365 et
862 333 956 377 plena
981 333 1153 372 moeroris,
1180 339 1216 364 ut
1243 343 1371 364 omnem
1398 343 1499 376 paene
1525 333 1621 376 hujus
1645 333 1708 366 diei
1739 334 1825 366 laeti·

351 397 426 426 tiam
466 393 547 424 mihi
576 391 722 423 funditus
755 402 794 422 ex
829 391 938 422 animo
970 388 1106 422 eradicet
1136 395 1167 420 et
1191 388 1313 421 evellat.
1371 388 1474 421 Eheu!
1505 396 1640 432 quantas
1674 390 1820 423 fortunae

353 451 590 485 vicissitudines
618 449 680 480 hoc
706 449 933 491 quinquennio
955 447 1076 490 experti
1103 444 1235 477 sumus!
1269 451 1426 489 quantum
1459 452 1490 477 et
1512 447 1613 477 nostri
1633 446 1764 479 Ordinis
1790 455 1820 480 et

351 509 512 541 studiosae
528 507 714 550 ¹juventutis
738 505 882 536 dolorem
913 501 1086 536 sensimus!
1138 504 1225 543 Quot
1260 502 1419 534 bonarum
1451 503 1670 534 doctrinarum
1698 505 1820 536 antisti.

347 574 395 599 tes
422 565 562 598 vidimus
594 562 658 594 fato
691 558 941 594 occumbentes!
972 565 1008 591 ut
1038 560 1105 602 ipsa
1138 558 1260 591 lumina
1297 560 1373 591 huic
1398 560 1583 592 Academiae
1614 567 1721 604 erepta
1753 573 1820 594 esse

350 624 507 663 dicerem,
531 621 593 653 nisi
620 626 667 651 tot
693 619 838 661 tantique
862 616 956 649 nobis
972 623 1172 660 superessent
1193 618 1341 660 antiquae
1363 618 1480 660 gloriae
1499 619 1659 659 vindices‚·
1685 621 1745 651 nisi
1763 631 1819 651 vos

347 690 452 712 novos
478 685 509 710 et
526 683 651 721 optatos
666 676 730 718 jam
750 674 887 717 collegas
906 673 1112 712 haberemus,
1144 684 1458 706 NlEUWENssUIst
1482 681 1514 707 et
1537 686 1755 707 PEERLKAM
1766 676 1816 709 1³1!

346 737 417 768 nisi
441 742 471 766 te
497 734 636 777 (lenique
665 732 749 764 nacti
782 742 922 763 essemus
950 733 1089 774 optimae
1124 734 1190 775 spei
1221 731 1403 769 doctorem,
1428 743 1734 765 UYLENBROEKI
1767 744 1817 764 ca-

349 791 493 824 tissime!
517 791 557 822 de
583 791 675 832 cujus
702 789 820 832 insigni
848 788 972 820 honore
993 789 1036 820 ita
1059 788 1175 827 laetor,
1205 795 1241 820 ut
1264 788 1304 820 de
1325 800 1396 820 meo
1419 800 1486 820 nou
1512 790 1621 831 magis.
1668 790 1817 822 Gratulor

348 849 431 886 tibi,
453 849 511 879 Vir
526 845 732 879 Doctissime!
752 856 874 877 novum
899 856 1039 887 munus,
1062 846 1205 889 gratulor
1222 846 1436 878 felicissimam
1456 846 1637 878 studiorum
1659 847 1818 880 conditio·

347 904 442 939 nem!
492 906 574 937 Nam
599 910 646 935 est
672 902 814 947 profecto
833 902 977 946 aliquid,
1003 903 1038 934 in
1062 905 1133 947 ipso
1152 902 1231 934 flore
1260 904 1390 942 aetatis,
1421 904 1453 935 in
1479 904 1627 946 primaria
1651 906 1817 937 Musarum

347 961 423 994 sede
453 972 526 993 cum
555 960 709 1003 dignitate
738 959 898 991 collocari.
951 961 1007 991 Est
1034 959 1175 1004 aliquid,
1204 962 1237 992 iu
1261 971 1299 991 eo
1332 960 1574 1003 disciplinarum
1606 971 1721 1003 genere
1749 963 1818 994 sine

348 1019 416 1050 ulla
452 1018 689 1050 intermissione
716 1017 835 1049 versari
866 1027 978 1060 posse,
1012 1017 1103 1061 quod
1127 1016 1304 1049 cultoribus
1332 1019 1398 1049 suis
1427 1018 1601 1057 maximam
1633 1016 1733 1049 famae
1769 1029 1821 1050 ce»

349 1076 528 1108 lebritatem
554 1074 713 1108 conciliet.

400 1133 524 1172 Quodsi
554 1133 639 1169 Vos,
672 1130 834 1162 studiosae
854 1131 1034 1173 juventutis
1058 1132 1181 1164 lumina
1206 1140 1238 1165 et
1268 1138 1472 1170 ornamenta,
1500 1137 1555 1162 aut
1584 1130 1624 1162 de
1656 1130 1820 1163 literarum

348 1188 562 1221 Orientalium
592 1186 729 1218 utilitate
759 1186 938 1226 dubitatis,
968 1195 1023 1219 aut
1056 1199 1165 1220 earum
1194 1189 1415 1221 difficultatem
1447 1189 1677 1227 extimescitis,
1711 1187 1818 1225 hunc,

348 1256 446 1289 quem
470 1251 613 1276 extremo
639 1243 711 1275 loco
737 1244 926 1284 nominavi,
959 1245 1105 1288 respicite
1127 1253 1158 1277 et
1179 1247 1386 1278 considerate.
1432 1247 1491 1277 Hic
1515 1245 1602 1275 enim
1618 1267 1628 1282 ,
1658 1244 1714 1287 qui
1748 1250 1820 1274 ante

355 1302 628 1344 quadriennium,
657 1301 771 1343 primis
797 1300 925 1343 linguae
949 1302 1099 1334 Arabicae
1119 1303 1261 1335 imbutus
1278 1304 1461 1341 elementis,
1491 1305 1526 1334 in
1555 1311 1658 1332 meam
1679 1300 1820 1344 discipli-

352 1369 429 1389 nam
452 1359 561 1397 venit,
587 1357 713 1389 tantillo
734 1359 887 1401 temporis
909 1359 1012 1401 spatio
1050 1361 1142 1391 istam
1172 1360 1335 1391 doctrinae
1373 1360 1498 1401 copiam
1534 1358 1597 1389 sibi
1636 1366 1819 1399 comparare

353 1428 420 1448 non
451 1416 623 1459 potuisset,
646 1417 672 1447 si
703 1416 800 1446 tantis
828 1423 953 1447 nostrae
978 1416 1084 1448 literae
1112 1423 1216 1448 essent
1239 1417 1383 1447 obsessae
1412 1413 1587 1444 molestiis:
1621 1423 1679 1444 nec
1711 1415 1738 1443 is
1764 1414 1820 1454 qui

350 1473 648 1504 Matliematicarum
676 1473 879 1503 scientiarum
915 1473 1114 1504 severitatem
1150 1483 1278 1503 summo
1312 1483 1421 1502 amore
1448 1470 1689 1513 complectitur,
1716 1469 1750 1500 in
1783 1470 1821 1499 li-

353 1530 419 1560 bris
441 1529 585 1560 Arabicis
609 1527 837 1571 excerpendis,
862 1527 948 1559 haud
973 1529 1120 1572 exiguam
1148 1529 1205 1559 otii
1231 1534 1351 1571 partem
1385 1533 1608 1568 consumeret,
1634 1526 1696 1557 nisi
1731 1536 1821 1557 com·

350 1593 479 1632 pertum
505 1585 655 1622 haberet,
688 1595 840 1627 magnum
860 1596 899 1615 ex
929 1585 990 1616 isto
1009 1584 1117 1616 studio
1142 1584 1397 1616 emolumentum
1421 1585 1455 1614 in
1480 1593 1610 1614 omnem
1641 1583 1823 1614 humanita-

354 1653 420 1676 tem
443 1649 510 1674 esse
535 1641 801 1673 redundaturum.
847 1641 908 1672 Sed
928 1641 1008 1684 quid
1023 1652 1084 1684 ego
1100 1640 1198 1683 longo
1218 1646 1481 1683 argumentorum
1503 1645 1656 1682 apparatu
1680 1645 1818 1670 vestram

354 1699 492 1742 amplius
525 1695 722 1740 diligentiam
745 1698 878 1730 excitem
898 1704 928 1728 et
946 1698 1238 1741 perseverantiam?
1264 1697 1509 1728 Generosissimi
1539 1693 1689 1728 Juvenes!
1738 1695 1820 1725 Nam

352 1760 387 1789 in
422 1756 621 1787 ornatissima
653 1754 711 1784 ista
749 1753 999 1785 adolescentium
1030 1764 1150 1785 corona
1181 1753 1362 1796 complures
1391 1753 1485 1784 video
1514 1758 1546 1782 et
1570 1760 1732 1793 agnosco,
1761 1752 1818 1794 qui

354 1817 425 1857 ipso
445 1824 500 1844 ore
521 1819 553 1842 et
577 1810 669 1842 vultu
696 1811 794 1841 animi
815 1810 1004 1841 alacritatem
1030 1809 1222 1848 ostendunt,
1243 1810 1299 1852 qui
1324 1816 1354 1840 et
1374 1809 1430 1841 diu
1456 1815 1486 1840 et
1512 1817 1604 1850 saepe
1628 1816 1718 1838 suam
1738 1806 1818 1837 mihi

354 1871 545 1902 industriam
573 1867 803 1910 ingeniumque
833 1867 1029 1910 probarunt,
1053 1868 1110 1910 qui
1139 1867 1278 1909 denique
1305 1869 1350 1897 sic
1382 1866 1586 1902 existimant,
1621 1863 1819 1903 doctrinam,

355 1937 438 1970 quae
464 1939 502 1959 ex
532 1927 725 1970 [erennibus
758 1931 789 1957 et
818 1925 1047 1970 copiosissimis
1084 1924 1247 1955 literarum
1278 1922 1490 1953 Orientalium
1523 1920 1667 1952 fontibus
1697 1919 1822 1952 hauria-

359 1991 431 2023 tur,
454 1992 570 2024 magno
598 1994 654 2024 per
678 1984 845 2017 universae
870 1985 952 2016 vitae
978 1992 1108 2013 cursum
1137 1980 1280 2012 subsidio
1302 1979 1363 2012 «sihi
1389 1978 1456 2011 fore
1476 1985 1506 2010 et
1528 1983 1730 2011 ornamento.

972 2096 1202 2126 DlXI.
