1930 2448
247 114 286 145 50
684 99 728 129 G.
805 95 1337 128 RU1TENs0H1Ln

255 198 301 218 res
327 195 355 217 et
375 192 505 222 tempora
533 179 676 219 spectari,
697 182 747 211 sed
771 182 805 210 de
827 180 937 209 Messia
960 188 1119 209 sermonem
1144 189 1226 215 esse,
1248 179 1411 208 universum
1435 177 1539 206 Psalmi
1559 184 1760 215 argumentum·

254 248 339 277 atque
377 246 410 266 ex
447 246 480 265 eo
517 237 633 264 elucens
672 233 761 263 divini
801 233 904 268 poetae
943 230 1094 260 consilium
1135 230 1314 259 manifestum
1358 229 1459 257 reddit.

291 290 376 320 VHL
405 290 479 318 Cum
503 287 615 316 monito
641 284 821 322 praecedenti
847 290 923 312 arcte
951 291 1116 312 connexum«
1140 289 1182 310 est
1209 281 1303 316 aliud,
1333 280 1411 315 quod
1435 280 1556 315 pertinet
1582 281 1616 309 ad
1641 288 1754 317 respec-

252 351 313 372 tum
341 340 471 378 proxime
499 337 727 367 antecedentium
760 341 808 364 aut
832 334 1092 370 consequentium,
1120 333 1180 362 sive
1207 340 1358 361 conrexrus
1386 331 1487 359 eximie
1516 333 1553 360 ira
1581 332 1663 360 dicti.
1701 331 1757 360 Ni·

251 395 352 423 mirum
379 393 477 420 nullus
502 389 618 418 omnino
644 389 747 423 locus,
773 386 863 415 invito
894 392 1054 420 contextu,
1080 393 1113 412 ex
1137 383 1277 420 Analogia
1303 383 1448 411 doctrinae
1476 383 1659 419 explicandus
1680 389 1736 413 est.

288 445 417 474 Evidens
436 442 509 471 enim
530 447 557 469 et
571 439 730 468 necessaria
744 437 901 467 sententiae
919 436 1101 472 exponendae
1119 444 1181 463 cum
1198 433 1432 462 antecedentibus
1446 435 1492 462 vel
1508 433 1756 469 consequentibns

251 495 439 533 conjunctio,
462 493 491 522 in
513 492 657 527 scriptore
675 497 850 526 quocunque
867 487 1037 523 probando,
1055 486 1184 520 inprimis
1204 494 1271 513 vero
1294 485 1322 513 in
1338 484 1372 512 115
1386 512 1393 520 ,
1415 486 1463 520 qui
1482 486 1515 513 ab
1534 485 1681 513 erroribus
1707 484 1767 513 im·

251 555 351 577 munes
367 545 501 579 fuerunt,
523 552 583 572 non
599 547 775 578 repugnante
793 538 931 575 loquendi
950 546 1005 565 usu
1017 557 1026 571 .,
1048 537 1076 565 in
1099 536 1170 564 viam
1195 536 1309 563 deducit
1326 543 1417 563 rectae
1435 536 1680 572 interpretationis
1699 544 1761 563 cer·

232 606 277 636 ,13
311 597 420 626 ratione
449 594 641 632 reperiendae.
693 591 801 630 Quanti
829 590 867 618 sit
893 587 1051 622 momenti,
1079 586 1147 615 huic
1179 586 1376 622 obtemperare
1405 595 1579 623 praecepto,
1612 585 1767 622 sequentia?

251 650 380 684 exempla
404 648 519 675 docent.
560 646 662 674 Locus
690 644 780 672 Rom.
798 644 834 670 3:
858 650 904 670 11.
936 647 1069 675 perverse
1092 637 1220 666 adfertur
1245 638 1279 666 ad
1306 637 1478 673 probandam
1504 637 1628 666 suturam
1652 646 1760 674 corpo-

250 708 313 728 rum
337 697 568 730 restitutionem,
591 695 721 731 quamvis
745 703 791 722 res
809 701 859 729 per
879 700 910 720 se
924 690 1073 719 verissima
1095 689 1152 725 sit,
1175 689 1258 726 (vid.
1282 689 1314 717 11.
1337 689 1383 717 all.
1406 697 1471 724 pag.
1489 689 1566 724 42.)
1586 695 1673 723 atque
1690 689 1760 717 adeo

248 749 445 786 interpretatio
464 748 512 776 illa
535 747 696 783 Analogiae,
715 744 861 773 doctrinae
882 742 919 771 sit
948 748 1149 770 consentanea.
1192 740 1354 769 Contextus
1380 739 1454 767 enim
1479 739 1605 774 indicat,
1629 740 1762 775 Aposto-

248 804 306 831 lum
327 801 445 830 Paulum
465 800 536 828 hanc
560 797 719 827 doctrinam
743 794 790 825 hic
810 795 869 824 loci
895 802 954 822 non
971 792 1079 820 tradere
1100 791 1262 820 evoluisse:
1281 792 1414 828 ζωοποιεῖν
1437 798 1540 826 nempe
1561 790 1766 826 explicandum

251 860 294 881 est
308 853 342 881 de
359 851 495 880 felicitate
519 850 620 884 allata,
642 848 776 885 opposita
795 844 925 875 miseriae
944 844 1103 879 humanae,
1127 852 1184 879 quo
1206 842 1329 879 pertinet
1346 842 1445 875 θνητόν.
1489 840 1571 878 Quae
1590 840 1764 877 significatio

250 903 364 934 minime
385 902 451 931 usui
474 900 613 936 loquendi
637 899 789 936 repugnat.
832 896 1122 924 Vid.Scl1leusnerus
1143 895 1172 924 in
1193 895 1308 924 Lexico.
1351 895 1413 928 Ζωη
1443 901 1538 922 c.10.
1566 900 1609 923 est
1634 895 1705 925 ‘vita
1715 892 1764 929 fe-

249 957 311 991 lix,
339 963 396 990 qua
420 955 454 982 de
479 962 508 982 re
534 961 620 981 nemo
646 951 778 986 dubitet,
803 949 852 985 qui
875 948 1000 976 attendat
1027 947 1062 975 ad
1086 956 1114 976 c.
1139 957 1170 982 4.
1199 946 1249 974 ubi
1274 945 1368 981 agitur
1394 945 1428 973 de
1453 944 1580 973 hominis
1603 945 1638 973 ad
1661 944 1765 974 melio·

250 1016 307 1036 rem
341 1005 571 1040 sanctioremque
604 1003 690 1032 vitam
721 1011 774 1038 per
797 999 964 1036 religionem
991 998 1102 1027 Christi
1129 986 1334 1028 instauratione
1360 1003 1387 1025 et
1411 996 1628 1031 emendatione..
1662 986 1763 1025 Locus

251 1058 333 1095 1Jo
355 1066 384 1085 1:
409 1066 438 1092 7.
468 1063 530 1083 non
552 1060 648 1090 potest
675 1051 809 1088 explicali
833 1059 871 1078 ex
890 1050 945 1085 iis,
969 1058 1039 1085 quae
1065 1049 1133 1078 alibi
1155 1050 1305 1078 traduntur
1331 1049 1366 1076 de
1392 1048 1518 1085 benigno
1539 1047 1602 1077 Dei
1618 1047 1772 1083 consilio,

251 1118 309 1146 quo
332 1107 434 1136 Filium
452 1115 534 1134 suum
552 1105 581 1133 in
606 1105 682 1133 hunc
705 1103 803 1131 orbem
821 1100 950 1135 miserit,
981 1109 1012 1128 v.
1034 1108 1060 1129 c.
1093 1110 1106 1128 1
1121 1099 1170 1136 Jo.
1185 1108 1220 1134 4:
1247 1107 1294 1128 10.
1317 1106 1346 1127 et
1366 1108 1402 1128 2:
1429 1109 1475 1128 12.
1506 1098 1557 1127 ubi
1573 1098 1715 1133 traditur,
1734 1096 1765 1125 id

249 1169 282 1188 eo
307 1165 472 1195 spectasse,
494 1163 526 1184 ut
547 1156 673 1184 humano
700 1151 798 1190 generi
821 1160 849 1181 et
872 1150 1037 1180 immunitas
1063 1158 1079 1177 a
1097 1149 1209 1177 meritis
1233 1149 1336 1184 poenis
1358 1156 1387 1175 et
1408 1149 1530 1175 felicitas
1548 1155 1664 1175 aeterna
1684 1146 1768 1176 affer.

248 1217 357 1240 rentur.
399 1209 510 1237 Eorum
536 1207 632 1242 enim,
657 1210 728 1241 quae
752 1204 799 1233 hic
819 1208 995 1237 occurrunt,
1018 1202 1050 1231 τὸ
1074 1201 1147 1236 αἵμαι
1164 1206 1188 1231 Ι.
1211 1205 1247 1229 Χ.
1276 1201 1324 1229 τοῦ
1350 1200 1406 1229 υἱοῦ
1429 1199 1515 1228 αὑτοῦ
1541 1199 1679 1236 καθαρίζει,
1693 1200 1768 1234 ἡμᾶς

246 1263 303 1292 ἀπὸ
329 1261 420 1294 πάσης
444 1259 550 1292 ἀδικίας
571 1277 582 1293 ,
610 1265 670 1286 11011
698 1263 754 1285 tam
781 1257 837 1284 late
864 1262 943 1291 patet
968 1262 1093 1283 sensus:
1127 1253 1207 1289 quod
1234 1257 1352 1288 apparet
1374 1260 1390 1279 e
1416 1260 1444 1280 c.
1465 1261 1497 1289 9.
1535 1251 1586 1280 ubi
1614 1251 1688 1280 haee
1707 1251 1768 1281 dis·

248 1314 420 1350 tinguuntur
441 1312 484 1342 ἵνα
503 1313 563 1348 ἀφῇ
588 1311 653 1345 ἡμῖν
679 1310 729 1341 τὰς
749 1309 888 1344 ἁμαρτίας
912 1307 956 1335 uxi
981 1307 1112 1342 καθαρίσῃ
1140 1306 1214 1337 ἡμᾶς
1240 1304 1297 1334 ἀπὸ
1323 1303 1414 1337 πάσης
1441 1303 1562 1336 ἀδικίαις.
1602 1301 1656 1332 Ne,
1678 1302 1775 1339 igitur

247 1365 330 1399 plura
353 1354 534 1399 cogitemus,
558 1369 642 1396 quam
671 1358 809 1396 cogitavit
835 1364 937 1386 auctor
948 1377 958 1391 ,
990 1356 1063 1384 illud
1094 1355 1232 1392 agendum
1261 1360 1326 1390 est,
1349 1360 1383 1381 ut
1403 1354 1487 1382 locus
1511 1354 1675 1383 secundum
1695 1362 1770 1384 con·

248 1420 358 1442 textum
384 1413 555 1449 explicetur.
596 1411 702 1438 Verbis
725 1409 792 1446 Jobi
818 1415 957 1443 quoque,
990 1415 1054 1440 cap.
1081 1414 1131 1440 14:
1156 1405 1278 1440 7-16.
1307 1413 1463 1440 perverse,
1492 1412 1669 1441 repugnante
1693 1413 1767 1435 con·

251 1472 331 1494 textu
341 1485 358 1500 ,Α
381 1464 422 1493 N.
445 1464 480 1492 F.
509 1461 640 1491 doctrina
668 1460 744 1489 illata
771 1465 827 1487 est.
867 1456 1063 1486 Acerbissime
1092 1465 1195 1493 nempe
1231 1455 1361 1492 queritur
1381 1456 1474 1494 Jobus
1498 1455 1533 1484 de
1555 1456 1643 1485 sortis
1666 1457 1767 1485 huma·

251 1525 302 1545 nae
327 1515 461 1549 miseria,
490 1521 518 1542 et
543 1512 667 1542 omnino
692 1511 764 1539 hane
787 1508 985 1537 conditionem
1009 1509 1136 1546 pejorem
1164 1517 1226 1537 esse
1243 1501 1397 1543 affirmat,
1427 1515 1512 1543 quam
1534 1508 1669 1544 arboris,
1690 1508 1771 1544 cui,

246 1567 306 1595 ‘etsi
328 1566 388 1594 fere
414 1572 577 1599 emortuae,
601 1572 667 1599 spes
692 1569 844 1598 superesse
867 1562 958 1588 soleat
983 1559 1191 1594 reviviscendi,
1214 1568 1279 1588 cum
1296 1559 1406 1589 homini
1431 1566 1532 1589 contra
1555 1567 1670 1588 mortuo
1696 1561 1765 1589 nul-

249 1619 277 1646 la
304 1619 371 1653 spes
398 1624 491 1645 novae
520 1614 595 1643 vitae
621 1612 760 1648 supersit.
801 1611 902 1639 Locus
927 1619 995 1647 ergo
1023 1611 1057 1638 de
1080 1616 1237 1647 corporum
1261 1611 1470 1640 resurrectione
1495 1610 1587 1646 accipi
1618 1617 1679 1639 non
1710 1619 1766 1646 po-

249 1675 319 1697 test.
359 1666 422 1702 At,
445 1665 510 1702 quis
530 1665 611 1694 'forte
633 1664 720 1693 nobis
742 1663 904 1701 objecerit,
936 1670 964 1691 c.
990 1670 1044 1699 19:
1067 1669 1212 1699 25—27.
1244 1663 1292 1691 vel
1316 1663 1386 1691 tradi
1416 1661 1574 1691 docti-mam
1599 1661 1634 1689 de
1654 1656 1766 1698 judicio

252 1725 322 1756 post
345 1717 585 1746 resurrectionem
615 1718 770 1751 corporum
796 1714 950 1749 habendo,
974 1713 987 1748 (
998 1714 1076 1749 quod
1090 1723 1149 1743 non
1169 1714 1253 1750 pauci
1275 1713 1401 1750 optimae
1414 1720 1502 1744 notae
1519 1713 1691 1749 interpretes
1708 1719 1766 1746 sta-

250 1775 331 1797 tuant
346 1771 358 1803 )
373 1789 384 1803 ‚
405 1760 462 1797 vel'
475 1768 572 1796 saltem
595 1767 628 1795 de
645 1775 696 1802 spe
715 1765 789 1794 vitae
814 1764 939 1794 melioris
964 1768 1123 1794 sermonem
1151 1773 1226 1795 esse.
1268 1765 1344 1794 HuIc
1360 1774 1447 1801 vero,
1469 1762 1635 1794 auctoribus
1652 1750 1766 1796 utentes

250 1819 321 1848 viris
353 1818 550 1854 doctissimis,
581 1818 815 1854 respondemus,
842 1823 1022 1852 nequaquam
1046 1816 1172 1852 Jobum,
1204 1815 1251 1845 cui
1276 1824 1358 1852 spem
1381 1816 1456 1846 vitae
1480 1815 1608 1845 melioris
1628 1823 1688 1845 non
1711 1815 1763 1848 de·

248 1874 411 1907 negamus,
444 1879 559 1907 semper
585 1870 641 1899 sibi
672 1876 817 1898 constare.
857 1866 994 1903 Inprimis
1027 1866 1301 1896 animadvertendam
1334 1865 1467 1906 putamus
1496 1868 1692 1906 conjecturam
1717 1856 1765 1899 in·

251 1921 475 1956 geniosissimam
509 1931 524 1950 a
553 1921 600 1950 Cl.
622 1920 735 1948 Palmio
760 1917 961 1955 propositam,
989 1917 1101 1950 Annot.
1128 1918 1164 1947 ad
1186 1918 1348 1948 versionem
1372 1916 1516 1956 Belgicam
1540 1927 1568 1949 e.
1591 1928 1640 1957 25.
1681 1918 1763 1959 Coq-

248 1977 348 2001 'textus
376 1973 499 2002 rationes
519 1973 536 2001 ii
559 1981 676 2009 quoque
701 1973 872 2008 interpretes
892 1969 978 2000 nobis
1001 1979 1060 2000 non
1082 1970 1152 2000 satis
1174 1970 1356 1999 consuluisse
1372 1970 1527 2008 videntur,
1549 1971 1600 2007 qui
1620 1969 1761 1999 formulas

250 2026 358 2061 πνεῦμα
384 2026 464 2061 θεοῦ,
490 2026 603 2061 πνεῦμκ
633 2023 732 2059 ἅγιον,
753 2023 782 2052 in
805 2022 879 2051 locis
898 2021 976 2053 Luc.
997 2031 1029 2053 1:
1053 2020 1123 2062 35,Δ
1143 2020 1214 2063 Gal.
1233 2020 1271 2059 4:
1292 2031 1324 2059 4.
1361 2022 1459 2062 J007:
1478 2031 1527 2060 37.
1545 2030 1558 2052 1
1571 2030 1584 2050 z·
1598 2028 1653 2058 32-
1688 2020 1760 2061 Act.

1705 2078 1762 2103 102
