<?xml version="1.0" encoding="UTF-8"?>
<!DOCTYPE html PUBLIC "-//W3C//DTD XHTML 1.0 Transitional//EN"
    "http://www.w3.org/TR/xhtml1/DTD/xhtml1-transitional.dtd">
<html xmlns="http://www.w3.org/1999/xhtml" xml:lang="en" lang="en">
 <head>
  <title>
</title>
<meta http-equiv="Content-Type" content="text/html;charset=utf-8" />
  <meta name='ocr-system' content='tesseract 3.04.00' />
  <meta name='ocr-capabilities' content='ocr_page ocr_carea ocr_par ocr_line ocrx_word'/>
</head>
<body>
  <div class='ocr_page' id='page_1' title='image "annalesacademiae22rijk_0117.png"; bbox 0 0 1961 2438; ppageno 0'>
   <div class='ocr_carea' id='block_1_1' title="bbox 0 479 2 1579">
    <p class='ocr_par' dir='ltr' id='par_1_1' title="bbox 0 479 2 1579">
     <span class='ocr_line' id='line_1_1' title="bbox 0 479 2 1579; baseline 0 0"><span class='ocrx_word' id='word_1_1' title='bbox 0 479 2 1579; x_wconf 95' lang='lat' dir='ltr'><strong> </strong></span> 
     </span>
    </p>
   </div>
   <div class='ocr_carea' id='block_1_2' title="bbox 768 141 1702 186">
    <p class='ocr_par' dir='ltr' id='par_1_2' title="bbox 768 141 1702 186">
     <span class='ocr_line' id='line_1_2' title="bbox 768 141 1702 186; baseline 0 -12"><span class='ocrx_word' id='word_1_2' title='bbox 768 141 1156 176; x_wconf 73' lang='lat' dir='ltr'><strong>ORATIO.</strong></span> <span class='ocrx_word' id='word_1_3' title='bbox 1663 151 1702 186; x_wconf 85' lang='lat'><strong>17</strong></span> 
     </span>
    </p>
   </div>
   <div class='ocr_carea' id='block_1_3' title="bbox 211 234 1699 908">
    <p class='ocr_par' dir='ltr' id='par_1_3' title="bbox 221 234 1697 340">
     <span class='ocr_line' id='line_1_3' title="bbox 265 234 1697 282; baseline -0.003 -10"><span class='ocrx_word' id='word_1_4' title='bbox 265 239 385 281; x_wconf 79' lang='lat' dir='ltr'><strong>Quanti</strong></span> <span class='ocrx_word' id='word_1_5' title='bbox 411 248 472 282; x_wconf 86' lang='lat' dir='ltr'><strong>ego</strong></span> <span class='ocrx_word' id='word_1_6' title='bbox 493 238 668 281; x_wconf 82' lang='lat' dir='ltr'><strong>Borgerum</strong></span> <span class='ocrx_word' id='word_1_7' title='bbox 691 235 839 279; x_wconf 84' lang='lat' dir='ltr'>fecerim,</span> <span class='ocrx_word' id='word_1_8' title='bbox 862 237 937 270; x_wconf 80' lang='lat' dir='ltr'><strong>alias</strong></span> <span class='ocrx_word' id='word_1_9' title='bbox 961 236 1108 276; x_wconf 84' lang='lat' dir='ltr'><strong>ostendi,</strong></span> <span class='ocrx_word' id='word_1_10' title='bbox 1132 245 1229 268; x_wconf 81' lang='lat' dir='ltr'><strong>ausus</strong></span> <span class='ocrx_word' id='word_1_11' title='bbox 1258 237 1353 268; x_wconf 75' lang='lat' dir='ltr'><strong>etiam</strong></span> <span class='ocrx_word' id='word_1_12' title='bbox 1378 240 1451 279; x_wconf 89' lang='lat' dir='ltr'>post</span> <span class='ocrx_word' id='word_1_13' title='bbox 1484 235 1636 267; x_wconf 81' lang='lat' dir='ltr'><strong>Roscium</strong></span> <span class='ocrx_word' id='word_1_14' title='bbox 1661 234 1697 269; x_wconf 86' lang='lat' dir='ltr'><strong>in</strong></span> 
     </span>
     <span class='ocr_line' id='line_1_4' title="bbox 221 295 509 340; baseline -0.01 -10"><span class='ocrx_word' id='word_1_15' title='bbox 221 307 348 330; x_wconf 77' lang='lat' dir='ltr'><strong>scenam</strong></span> <span class='ocrx_word' id='word_1_16' title='bbox 369 295 509 340; x_wconf 82' lang='lat' dir='ltr'><strong>prodire.</strong></span> 
     </span>
    </p>

    <p class='ocr_par' dir='ltr' id='par_1_4' title="bbox 219 347 1699 455">
     <span class='ocr_line' id='line_1_5' title="bbox 262 347 1699 397; baseline -0.005 -12"><span class='ocrx_word' id='word_1_17' title='bbox 262 353 442 397; x_wconf 87' lang='lat' dir='ltr'><strong>Nunquam</strong></span> <span class='ocrx_word' id='word_1_18' title='bbox 458 363 534 385; x_wconf 81' lang='lat' dir='ltr'><strong>vero</strong></span> <span class='ocrx_word' id='word_1_19' title='bbox 553 352 611 383; x_wconf 84' lang='lat' dir='ltr'><strong>iste</strong></span> <span class='ocrx_word' id='word_1_20' title='bbox 632 362 744 383; x_wconf 87' lang='lat' dir='ltr'><strong>sensus</strong></span> <span class='ocrx_word' id='word_1_21' title='bbox 760 351 795 383; x_wconf 85' lang='lat' dir='ltr'><strong>in</strong></span> <span class='ocrx_word' id='word_1_22' title='bbox 816 351 879 383; x_wconf 85' lang='lat' dir='ltr'><strong>hoc</strong></span> <span class='ocrx_word' id='word_1_23' title='bbox 896 357 1024 394; x_wconf 85' lang='lat' dir='ltr'><strong>pectore</strong></span> <span class='ocrx_word' id='word_1_24' title='bbox 1048 357 1112 382; x_wconf 81' lang='lat' dir='ltr'><strong>tam</strong></span> <span class='ocrx_word' id='word_1_25' title='bbox 1132 361 1218 381; x_wconf 86' lang='lat' dir='ltr'><strong>novo</strong></span> <span class='ocrx_word' id='word_1_26' title='bbox 1238 355 1269 381; x_wconf 89' lang='lat' dir='ltr'><strong>et</strong></span> <span class='ocrx_word' id='word_1_27' title='bbox 1294 348 1434 380; x_wconf 79' lang='lat' dir='ltr'><strong>mirabili</strong></span> <span class='ocrx_word' id='word_1_28' title='bbox 1456 358 1545 380; x_wconf 88' lang='lat' dir='ltr'><strong>more</strong></span> <span class='ocrx_word' id='word_1_29' title='bbox 1567 347 1670 391; x_wconf 84' lang='lat' dir='ltr'><strong>viguit</strong></span> <span class='ocrx_word' id='word_1_30' title='bbox 1685 369 1699 387; x_wconf 62' lang='lat'><em>2</em></span> 
     </span>
     <span class='ocr_line' id='line_1_6' title="bbox 219 407 1169 455; baseline -0.005 -13"><span class='ocrx_word' id='word_1_31' title='bbox 219 421 315 455; x_wconf 86' lang='lat' dir='ltr'><strong>quam</strong></span> <span class='ocrx_word' id='word_1_32' title='bbox 344 410 407 441; x_wconf 87' lang='lat' dir='ltr'><strong>hoc</strong></span> <span class='ocrx_word' id='word_1_33' title='bbox 426 416 589 452; x_wconf 79' lang='lat' dir='ltr'><strong>tempore,</strong></span> <span class='ocrx_word' id='word_1_34' title='bbox 612 408 675 440; x_wconf 89' lang='lat' dir='ltr'><strong>hoc</strong></span> <span class='ocrx_word' id='word_1_35' title='bbox 702 409 794 448; x_wconf 84' lang='lat' dir='ltr'>loco,</span> <span class='ocrx_word' id='word_1_36' title='bbox 815 409 850 440; x_wconf 89' lang='lat' dir='ltr'><strong>in</strong></span> <span class='ocrx_word' id='word_1_37' title='bbox 875 407 936 439; x_wconf 83' lang='lat' dir='ltr'><strong>hac</strong></span> <span class='ocrx_word' id='word_1_38' title='bbox 957 418 1050 438; x_wconf 80' lang='lat' dir='ltr'><strong>causa</strong></span> <span class='ocrx_word' id='word_1_39' title='bbox 1072 407 1169 450; x_wconf 79' lang='lat' dir='ltr'><strong>viget,</strong></span> 
     </span>
    </p>

    <p class='ocr_par' dir='ltr' id='par_1_5' title="bbox 214 460 1694 565">
     <span class='ocr_line' id='line_1_7' title="bbox 263 460 1694 510; baseline -0.004 -12"><span class='ocrx_word' id='word_1_40' title='bbox 263 469 370 510; x_wconf 87' lang='lat' dir='ltr'><strong>Atque</strong></span> <span class='ocrx_word' id='word_1_41' title='bbox 393 467 517 498; x_wconf 84' lang='lat' dir='ltr'><strong>utinam</strong></span> <span class='ocrx_word' id='word_1_42' title='bbox 542 465 656 504; x_wconf 86' lang='lat' dir='ltr'><strong>illum,</strong></span> <span class='ocrx_word' id='word_1_43' title='bbox 680 469 707 498; x_wconf 86' lang='lat' dir='ltr'><strong>si</strong></span> <span class='ocrx_word' id='word_1_44' title='bbox 731 465 844 506; x_wconf 86' lang='lat' dir='ltr'><strong>vellet,</strong></span> <span class='ocrx_word' id='word_1_45' title='bbox 867 465 1016 506; x_wconf 84' lang='lat' dir='ltr'><strong>lacrymis</strong></span> <span class='ocrx_word' id='word_1_46' title='bbox 1034 471 1065 495; x_wconf 89' lang='lat' dir='ltr'><strong>et</strong></span> <span class='ocrx_word' id='word_1_47' title='bbox 1092 475 1186 502; x_wconf 85' lang='lat' dir='ltr'><strong>auro,</strong></span> <span class='ocrx_word' id='word_1_48' title='bbox 1211 469 1242 495; x_wconf 87' lang='lat' dir='ltr'><strong>et</strong></span> <span class='ocrx_word' id='word_1_49' title='bbox 1265 463 1292 494; x_wconf 87' lang='lat' dir='ltr'><strong>si</strong></span> <span class='ocrx_word' id='word_1_50' title='bbox 1313 462 1391 506; x_wconf 82' lang='lat' dir='ltr'><strong>quid</strong></span> <span class='ocrx_word' id='word_1_51' title='bbox 1418 473 1497 494; x_wconf 89' lang='lat' dir='ltr'><strong>auro</strong></span> <span class='ocrx_word' id='word_1_52' title='bbox 1516 461 1557 493; x_wconf 84' lang='lat' dir='ltr'><strong>sit</strong></span> <span class='ocrx_word' id='word_1_53' title='bbox 1575 460 1694 505; x_wconf 80' lang='lat' dir='ltr'><strong>pretio·</strong></span> 
     </span>
     <span class='ocr_line' id='line_1_8' title="bbox 214 517 1526 565; baseline -0.005 -10"><span class='ocrx_word' id='word_1_54' title='bbox 214 523 281 555; x_wconf 74' lang='lat' dir='ltr'><strong>sius</strong></span> <span class='ocrx_word' id='word_1_55' title='bbox 294 545 304 562; x_wconf 88' lang='lat'>,</span> <span class='ocrx_word' id='word_1_56' title='bbox 325 522 481 555; x_wconf 84' lang='lat' dir='ltr'><strong>redimere</strong></span> <span class='ocrx_word' id='word_1_57' title='bbox 496 529 527 555; x_wconf 91' lang='lat' dir='ltr'><strong>et</strong></span> <span class='ocrx_word' id='word_1_58' title='bbox 544 523 579 554; x_wconf 90' lang='lat' dir='ltr'><strong>in</strong></span> <span class='ocrx_word' id='word_1_59' title='bbox 599 525 697 555; x_wconf 84' lang='lat' dir='ltr'><strong>vitam</strong></span> <span class='ocrx_word' id='word_1_60' title='bbox 717 533 866 555; x_wconf 85' lang='lat' dir='ltr'><strong>revocare</strong></span> <span class='ocrx_word' id='word_1_61' title='bbox 888 519 1074 565; x_wconf 79' lang='lat' dir='ltr'><strong>possemus!</strong></span> <span class='ocrx_word' id='word_1_62' title='bbox 1120 523 1206 552; x_wconf 90' lang='lat' dir='ltr'><strong>Bone</strong></span> <span class='ocrx_word' id='word_1_63' title='bbox 1224 526 1255 551; x_wconf 89' lang='lat' dir='ltr'><strong>et</strong></span> <span class='ocrx_word' id='word_1_64' title='bbox 1286 529 1400 562; x_wconf 80' lang='lat' dir='ltr'><strong>magne</strong></span> <span class='ocrx_word' id='word_1_65' title='bbox 1421 517 1526 550; x_wconf 72' lang='lat' dir='ltr'><strong>Deus!</strong></span> 
     </span>
    </p>

    <p class='ocr_par' dir='ltr' id='par_1_6' title="bbox 211 576 1685 668">
     <span class='ocr_line' id='line_1_9' title="bbox 259 576 1685 624; baseline -0.004 -12"><span class='ocrx_word' id='word_1_66' title='bbox 259 581 331 620; x_wconf 86' lang='lat' dir='ltr'><strong>Qua</strong></span> <span class='ocrx_word' id='word_1_67' title='bbox 350 579 515 624; x_wconf 76' lang='lat' dir='ltr'><strong>voluptate</strong></span> <span class='ocrx_word' id='word_1_68' title='bbox 541 591 602 623; x_wconf 84' lang='lat' dir='ltr'><strong>ego</strong></span> <span class='ocrx_word' id='word_1_69' title='bbox 628 580 705 612; x_wconf 87' lang='lat' dir='ltr'><strong>hinc</strong></span> <span class='ocrx_word' id='word_1_70' title='bbox 727 578 1015 623; x_wconf 80' lang='lat' dir='ltr'><strong>praeclarissimum</strong></span> <span class='ocrx_word' id='word_1_71' title='bbox 1040 577 1207 610; x_wconf 82' lang='lat' dir='ltr'><strong>hominem</strong></span> <span class='ocrx_word' id='word_1_72' title='bbox 1233 576 1334 608; x_wconf 86' lang='lat' dir='ltr'><strong>limen</strong></span> <span class='ocrx_word' id='word_1_73' title='bbox 1360 578 1535 608; x_wconf 76' lang='lat' dir='ltr'><strong>intrantem</strong></span> <span class='ocrx_word' id='word_1_74' title='bbox 1556 576 1685 618; x_wconf 76' lang='lat' dir='ltr'><strong>conspi-</strong></span> 
     </span>
     <span class='ocr_line' id='line_1_10' title="bbox 211 635 329 668; baseline 0 0"><span class='ocrx_word' id='word_1_75' title='bbox 211 635 329 668; x_wconf 81' lang='lat' dir='ltr'><strong>cerem!</strong></span> 
     </span>
    </p>

    <p class='ocr_par' dir='ltr' id='par_1_7' title="bbox 254 689 1273 737">
     <span class='ocr_line' id='line_1_11' title="bbox 254 689 1273 737; baseline -0.002 -13"><span class='ocrx_word' id='word_1_76' title='bbox 254 695 329 733; x_wconf 87' lang='lat' dir='ltr'><strong>Quo</strong></span> <span class='ocrx_word' id='word_1_77' title='bbox 355 692 482 733; x_wconf 81' lang='lat' dir='ltr'><strong>studio,</strong></span> <span class='ocrx_word' id='word_1_78' title='bbox 505 705 569 737; x_wconf 88' lang='lat' dir='ltr'><strong>qua</strong></span> <span class='ocrx_word' id='word_1_79' title='bbox 592 693 799 726; x_wconf 80' lang='lat' dir='ltr'><strong>veneratione</strong></span> <span class='ocrx_word' id='word_1_80' title='bbox 818 705 879 727; x_wconf 87' lang='lat' dir='ltr'><strong>vos</strong></span> <span class='ocrx_word' id='word_1_81' title='bbox 897 693 945 725; x_wconf 85' lang='lat' dir='ltr'><strong>illi</strong></span> <span class='ocrx_word' id='word_1_82' title='bbox 968 692 1077 724; x_wconf 88' lang='lat' dir='ltr'><strong>locum</strong></span> <span class='ocrx_word' id='word_1_83' title='bbox 1102 689 1273 723; x_wconf 66' lang='lat' dir='ltr'><strong>cederetis!</strong></span> 
     </span>
    </p>

    <p class='ocr_par' dir='ltr' id='par_1_8' title="bbox 253 750 579 794">
     <span class='ocr_line' id='line_1_12' title="bbox 253 750 579 794; baseline 0.006 -14"><span class='ocrx_word' id='word_1_84' title='bbox 253 750 303 781; x_wconf 88' lang='lat' dir='ltr'><strong>De</strong></span> <span class='ocrx_word' id='word_1_85' title='bbox 327 760 383 781; x_wconf 83' lang='lat' dir='ltr'><strong>me</strong></span> <span class='ocrx_word' id='word_1_86' title='bbox 403 751 579 794; x_wconf 81' lang='lat' dir='ltr'><strong>qnaeritis?</strong></span> 
     </span>
    </p>

    <p class='ocr_par' dir='ltr' id='par_1_9' title="bbox 211 804 1695 908">
     <span class='ocr_line' id='line_1_13' title="bbox 253 804 1695 850; baseline -0.001 -13"><span class='ocrx_word' id='word_1_87' title='bbox 253 807 322 849; x_wconf 85' lang='lat' dir='ltr'><strong>Ego</strong></span> <span class='ocrx_word' id='word_1_88' title='bbox 343 806 485 839; x_wconf 89' lang='lat' dir='ltr'><strong>Harlemi</strong></span> <span class='ocrx_word' id='word_1_89' title='bbox 506 809 542 839; x_wconf 88' lang='lat' dir='ltr'><strong>in</strong></span> <span class='ocrx_word' id='word_1_90' title='bbox 569 807 692 850; x_wconf 75' lang='lat' dir='ltr'><strong>literis,</strong></span> <span class='ocrx_word' id='word_1_91' title='bbox 720 808 755 841; x_wconf 90' lang='lat' dir='ltr'><strong>in</strong></span> <span class='ocrx_word' id='word_1_92' title='bbox 782 807 979 841; x_wconf 81' lang='lat' dir='ltr'><strong>conscientia</strong></span> <span class='ocrx_word' id='word_1_93' title='bbox 1004 816 1093 846; x_wconf 82' lang='lat' dir='ltr'><strong>mea,</strong></span> <span class='ocrx_word' id='word_1_94' title='bbox 1123 805 1224 849; x_wconf 81' lang='lat' dir='ltr'><strong>inque</strong></span> <span class='ocrx_word' id='word_1_95' title='bbox 1249 805 1350 838; x_wconf 77' lang='lat' dir='ltr'><strong>veteri</strong></span> <span class='ocrx_word' id='word_1_96' title='bbox 1374 805 1514 839; x_wconf 78' lang='lat' dir='ltr'><strong>amicitia</strong></span> <span class='ocrx_word' id='word_1_97' title='bbox 1536 804 1640 838; x_wconf 80' lang='lat' dir='ltr'><strong>laetus</strong></span> <span class='ocrx_word' id='word_1_98' title='bbox 1655 811 1695 836; x_wconf 73' lang='lat' dir='ltr'><strong>ae</strong></span> 
     </span>
     <span class='ocr_line' id='line_1_14' title="bbox 211 860 589 908; baseline 0.013 -15"><span class='ocrx_word' id='word_1_99' title='bbox 211 860 326 896; x_wconf 66' lang='lat' dir='ltr'><strong>iubens</strong></span> <span class='ocrx_word' id='word_1_100' title='bbox 347 866 589 908; x_wconf 83' lang='lat' dir='ltr'><strong>acquiescerem.</strong></span> 
     </span>
    </p>
   </div>
   <div class='ocr_carea' id='block_1_4' title="bbox 831 993 1069 1028">
    <p class='ocr_par' dir='ltr' id='par_1_10' title="bbox 831 993 1069 1028">
     <span class='ocr_line' id='line_1_15' title="bbox 831 993 1069 1028; baseline -0.008 0"><span class='ocrx_word' id='word_1_101' title='bbox 831 993 1069 1028; x_wconf 76' lang='lat' dir='ltr'><strong>DIXI.</strong></span> 
     </span>
    </p>
   </div>
  </div>
 </body>
</html>
