1961 2438
334 114 377 156 ¹4
843 103 1291 140 C.EKAMA'

383 203 439 236 ille
464 203 562 246 igitur
586 199 772 242 omnigenas
794 200 903 226 motus
929 194 1114 234 viriumque
1140 189 1261 224 formas
1293 202 1361 225 uno
1391 200 1544 241 tanquam
1572 202 1694 236 intuitu
1722 213 1811 239 001¹„

338 263 451 306 plexus
479 258 686 302 Dynamicam
707 252 872 285 scientiam
901 255 1009 281 mente
1028 249 1174 291 concepit
1199 248 1415 295 prodiditque,
1462 256 1559 290 Nulla
1583 260 1715 303 quidem
1733 263 1812 296 sub·

337 319 449 351 tilitaie
476 313 703 358 metaphysica,
731 317 779 342 ast
812 318 940 340 summo
972 302 1092 338 Calculi
1123 305 1271 337 acumine
1299 309 1437 340 Curvam
1453 334 1463 349 ,
1488 323 1545 356 per
1572 328 1670 360 quam
1695 330 1814 364 corpus

339 378 372 407 vi
397 383 588 417 unaquaque
616 369 791 414 impulsum
822 373 956 409 agatur,
979 362 1189 395 monstravit:
1211 369 1327 406 atque,
1351 366 1479 400 inverso
1505 370 1567 404 hoc
1591 375 1811 419 problemate,

337 443 376 465 ex
397 431 504 464 curvis
528 428 701 461 efficaciam
729 425 857 457 Virium
887 421 1061 457 conficiens
1092 417 1260 462 Physicam
1282 425 1401 456 creavit
1425 428 1676 465 Astronomiam.

382 548 470 588 Quas
499 544 654 588 Keplerus
677 554 715 575 ex
740 539 913 573 ohservatis
938 534 1112 568 deduxerat
1136 534 1255 577 LegeS‚
1286 547 1327 568 ex
1359 539 1471 573 iisdem
1497 542 1640 587 legibus,
1661 546 1717 578 sed
1745 559 1820 592 geo·

339 608 469 638 metrica
492 605 558 647 jam
585 602 750 635 severitate
772 596 1009 632 demonstrabat
1030 596 1227 631 Newtonus..
1257 604 1331 625 cum
1354 597 1460 629 Solem
1486 610 1522 631 ea
1546 612 1614 634 esse
1635 604 1815 637 attrahendi

337 663 370 694 vi
395 661 578 699 imbutum,
601 670 665 703 qua
688 668 817 690 cursum
840 657 960 687 circum
989 664 1022 684 se
1050 652 1250 696 planetarum
1275 652 1309 684 in
1338 653 1452 687 orbitis
1474 657 1643 699 cohibeat,
1666 667 1735 692 tum
1756 672 1821 705 qua

340 719 463 750 ratione
485 718 532 748 vis
555 715 607 747 illa
627 726 687 760 pro
709 714 802 758 spatii
826 711 1007 745 diversitate
1040 715 1159 741 creseat
1187 710 1407 745 minuaturve.
1453 715 1501 745 Ex
1524 717 1594 759 ipso
1620 717 1730 749 itidem
1752 720 1819 750 Lu-

339 786 399 807 nae
430 774 674 816 Satellitumque
705 773 827 803 circum
862 769 1005 801 Planetas
1034 778 1131 798 cursu
1158 768 1348 809 evincebat,
1383 775 1419 801 ut
1448 770 1529 802 Orbi
1564 779 1743 814 terrarum,
1776 775 1819 806 ita

338 833 410 863 „tovi
444 839 474 864 et
514 833 653 864 Saturno
687 831 789 861 inesse
827 829 893 858 vim
929 827 959 857 ei
994 824 1160 863 similem,
1200 835 1282 867 quae
1316 826 1488 859 Gravitatis
1523 831 1558 861 in
1593 831 1706 863 tellure
1743 841 1820 863 cau·

339 899 373 919 sa
403 889 456 921 sit.
502 887 581 919 inde
606 897 732 919 summa
756 883 859 918 effecit
882 881 1106 928 probabilitate
1129 881 1196 912 vim
1228 881 1315 913 illam
1349 883 1502 917 omnibus
1534 887 1724 930 corporibus
1752 897 1820 921 esse

343 957 560 980 communem.

385 1062 533 1102 Magnam
561 1061 669 1102 itaque
696 1057 838 1091 Naturae
871 1058 987 1098 Legem
1006 1079 1016 1093 ,
1040 1055 1231 1086 Universam
1268 1054 1357 1087 illam
1379 1057 1634 1089 Gravitationem
1668 1058 1736 1090 sive
1761 1060 1821 1092 At-

343 1119 548 1157 eructionem,
573 1117 659 1148 uude
690 1115 831 1160 pendent
859 1114 1008 1157 pleraque
1029 1112 1216 1144 coelestium
1246 1115 1512 1158 terrestriumque
1531 1125 1704 1158 corporum
1722 1114 1822 1158 phoe-

345 1184 504 1210 nomena,
535 1179 643 1217 aperte
666 1171 867 1216 explanavit;
899 1177 994 1214 atque
1029 1180 1070 1200 ex
1098 1180 1167 1200 uno
1196 1169 1258 1201 hoc
1285 1172 1464 1215 principio,
1499 1172 1658 1215 quidquid
1684 1178 1740 1203 aut
1765 1170 1823 1203 ob·

342 1230 475 1262 servaris
500 1231 565 1272 jam
593 1237 664 1261 turn
692 1227 879 1266 constabat,
913 1233 968 1258 aut
995 1227 1029 1257 in
1056 1233 1220 1269 posterum
1251 1226 1383 1259 demum
1418 1236 1599 1267 constaret,
1631 1228 1824 1273 geometrico

343 1290 490 1319 acumine
518 1299 535 1319 a
570 1289 670 1331 priori
700 1288 918 1319 demonstrare
955 1286 1093 1328 perrexi-t
1127 1285 1351 1326 sagacissimus
1395 1284 1447 1316 ille
1478 1287 1615 1316 Naturae
1653 1287 1821 1328 Interpres.

343 1345 429 1384 Quid
452 1355 627 1376 memorem
650 1343 823 1374 anomalias
848 1341 1168 1386 perlurbationesque
1197 1348 1270 1372 ante
1297 1341 1560 1385 inexplicabiles?
1608 1341 1695 1382 Quid
1729 1344 1820 1384 igno-

345 1409 445 1433 rolam
472 1402 625 1433 hacteuus
646 1403 759 1432 Terrae
785 1399 944 1438 formam,
968 1399 1028 1430 sub
1051 1410 1108 1430 axe
1137 1397 1178 1429 ab
1205 1405 1342 1440 utraque
1378 1405 1466 1442 parte
1496 1398 1665 1442 paululum
1699 1399 1742 1429 ita
1767 1397 1824 1430 de·

346 1468 482 1499 pressam
499 1482 510 1497 ‚
534 1464 571 1489 ut
589 1469 607 1489 a
635 1457 785 1501 sphaerae
820 1456 1013 1501 perfectione
1041 1455 1187 1487 recedat?
1234 1454 1322 1495 Quid
1354 1454 1587 1487 decrescentem
1619 1456 1654 1485 iu
1683 1465 1720 1485 ea
1751 1464 1824 1486 ver-

346 1526 400 1545 sus
434 1517 643 1557 Aequatorem
682 1526 856 1558 corporum
892 1513 1112 1545 Gravitatem?
1164 1514 1211 1543 Ex
1247 1511 1361 1543 eodem
1387 1512 1443 1544 illo
1477 1511 1639 1556 principio
1672 1512 1821 1542 omnium

346 1571 544 1602 Plauetarum
572 1577 604 1602 et
636 1569 771 1601 sormam
800 1574 990 1602 monstravit
1017 1569 1116 1601 simili
1152 1569 1250 1601 modo
1275 1569 1463 1613 globosam,
1496 1576 1528 1601 et
1552 1570 1726 1606 maneriae,
1756 1576 1821 1609 qua

347 1634 492 1658 coustant
508 1626 627 1669 singuli
641 1651 651 1668 ‚
671 1628 896 1669 quantitatem,
915 1611 1123 1661 (fermitatem,
1142 1630 1330 1666 gravitatem
1346 1625 1512 1655 definivit:
1542 1624 1624 1665 quin
1653 1629 1685 1653 et
1706 1624 1821 1653 Come·

347 1687 404 1722 tis,
429 1684 517 1715 nulla
537 1684 641 1714 adhuc
668 1683 735 1725 lege
761 1683 869 1714 subito
896 1689 927 1713 et
944 1681 1128 1724 apparuisse
1156 1687 1188 1711 et
1213 1680 1406 1724 disparuisse
1438 1682 1535 1718 visis,
1557 1689 1654 1710 suum
1682 1678 1822 1720 assigna-

347 1744 393 1771 <gt
419 1740 525 1771 locum
550 1747 582 1771 et
609 1740 775 1779 ordinem,
807 1750 937 1770 cursum
975 1739 1170 1780 designavit,
1204 1738 1342 1769 reditum
1371 1737 1538 1781 praedixit.
1591 1738 1665 1768 Uuo
1697 1734 1820 1773 verbo,

351 1806 418 1825 vim
445 1797 595 1837 explicuit
621 1798 795 1827 Newtonus
828 1797 975 1827 Uuiversi
1007 1796 1188 1837 theoriam,
1220 1807 1284 1839 qua
1320 1801 1428 1826 motus
1459 1805 1588 1833 omnes,
1619 1804 1682 1836 qua
1704 1797 1820 1823 cuncta

351 1853 385 1881 iu
420 1851 543 1881 mundo
576 1852 793 1894 phaenomena
826 1853 865 1883 ad
905 1853 1129 1884 Mechauicum
1159 1852 1224 1883 sere
1258 1852 1447 1891 Problema,
1480 1862 1536 1883 seu
1569 1851 1675 1893 polius
1701 1846 1822 1880 Calculi

350 1906 501 1948 Aualysiu
527 1908 779 1940 reducebantur:
813 1920 911 1951 quam
941 1903 1095 1940 theoriam
1113 1910 1317 1952 sequentium
1343 1916 1527 1953 temporum
1547 1911 1678 1941 inventa
1714 1912 1746 1937 et
1764 1903 1822 1935 ob-

351 1971 472 1995 servata
500 1965 738 1998 illustraverunt
766 1967 867 2009 magis
887 1968 1051 2010 magisque
1067 1974 1098 1999 et
1119 1965 1404 2000 confirmaverunt.

1759 2074 1828 2107 Me-
