1961 2438
298 144 337 166 ro
800 118 1251 157 c.EKAMA

295 222 403 255 settim
420 217 599 252 Ptolemaeo
614 212 725 245 tradita
737 236 748 252 ‚
763 218 795 244 et
812 211 853 243 ab
877 207 1038 243 Arabibus
1055 206 1094 239 ad
1115 208 1261 249 Europae
1280 203 1417 248 populos
1434 211 1606 249 propagata
1621 229 1631 247 ‚
1655 206 1761 238 omni.

299 280 359 311 lius
385 277 479 309 unice
506 283 579 305 vera
609 269 670 302 fuit
694 269 761 302 visa
793 275 824 300 ct
848 267 955 300 habita
981 266 1021 299 ad
1054 263 1197 298 seculum
1225 273 1327 306 usque
1347 261 1507 294 decimum
1533 270 1678 304 sextum,
1707 264 1769 296 im.

297 348 350 369 mo
373 342 405 368 et
429 333 520 366 ultra.

338 435 450 469 Oculis
474 431 600 465 credere
623 441 721 462 nemo
746 427 885 460 nolebat.
935 422 1029 457 Nefas
1058 420 1235 453 ducebatur
1261 421 1313 455 vel
1344 421 1490 454 dubitare
1521 421 1561 454 de
1586 433 1645 463 eo,
1677 421 1766 466 quod

297 495 363 538 ipsa
389 491 501 533 religio
531 495 610 520 tunc
636 496 772 518 asserere
793 481 981 515 censebatur
1004 485 1036 510 et
1060 478 1232 512 vindicare.
1278 480 1368 519 Quae
1397 485 1502 511 tamen
1530 486 1674 523 receptae
1693 483 1765 524 opi-

297 549 404 582 nionis
432 545 594 579 veneratio
621 544 766 587 pertinax
789 552 825 572 ac
854 549 954 584 prope
983 534 1126 574 servilis,
1159 535 1244 567 credi
1267 535 1321 567 vix
1352 543 1477 579 potest,
1505 544 1664 580 quantum
1690 547 1768 581 pro·

295 605 454 650 gressibus
479 607 514 636 in
532 614 566 634 re
586 600 807 633 Astronomica
827 595 996 631 nocuerit,
1021 598 1057 624 ut
1077 591 1176 623 multa
1196 594 1291 623 etiam
1310 592 1469 635 praeclara
1495 593 1562 635 jam
1583 604 1622 625 eo
1646 600 1768 639 tempoq

296 675 330 696 re
354 665 388 696 in
414 660 558 706 partibus
581 659 711 691 inventa
733 655 774 688 ad
792 654 940 687 Universi
964 649 1209 693 intelligentiam
1232 648 1314 681 nihil
1342 649 1541 694 prodessent.

360 784 429 823 Sed
463 798 534 820 ecce
561 785 688 830 prodit,
722 784 780 827 qui
815 780 943 814 vincula
976 783 1127 821 rumpat,
1156 777 1195 809 ad
1228 776 1406 809 libertatem
1436 783 1529 810 vocet
1565 786 1775 811 Niceratus

296 854 453 876 001>an
465 854 577 883 mus,
602 842 702 885 patria
724 842 888 872 Borussus.
920 838 951 868 Is
970 840 1114 865 veterum
1133 833 1302 865 revolvens
1327 840 1552 873 monumenta,
1575 845 1651 866 cum
1667 835 1735 878 jam
1750 845 1770 867 a

300 900 544 943 Pythagoraeis,
587 899 717 941 igneum
750 897 832 928 lucis
858 893 979 926 fontem
1006 891 1040 922 in
1071 890 1179 922 medio
1207 891 1324 923 Mundi
1361 891 1614 931 collocantibus,
1648 892 1768 924 Telluri

296 963 422 989 nostrae
439 966 589 994 cursum,
612 956 695 987 circa
712 952 850 985 eundem
877 961 1041 990 annuum,
1065 953 1186 983 circum
1201 962 1236 983 se
1265 953 1372 995 ipsum
1396 951 1494 983 simul
1517 951 1671 983 diurnum
1686 973 1698 990 ,
1715 951 1774 982 tri-

296 1014 411 1046 butum
435 1013 531 1045 fuisse
556 1012 727 1056 reperiret3
751 1009 792 1041 ab
821 1007 991 1051 Aegyptiis
1027 1018 1105 1039 vero
1135 1009 1286 1039 Mercurii
1317 1008 1516 1050 Venerisque
1545 1006 1654 1037 itidem
1686 1007 1770 1038 circa

299 1071 397 1102 solem
425 1077 552 1102 motum
575 1068 672 1100 fuisse
699 1067 927 1104 observatum3
957 1066 1033 1096 haec
1058 1074 1167 1095 secum
1200 1065 1309 1095 animo
1335 1064 1487 1101 volvens,
1511 1069 1542 1094 et
1569 1063 1608 1093 ad
1632 1062 1776 1106 reliquo·

299 1137 372 1158 rum
393 1128 592 1169 planetarum
620 1124 784 1168 applicans
801 1130 948 1159 motum,
971 1120 1051 1163 quid
1081 1120 1156 1152 inde
1183 1121 1222 1152 ad
1246 1120 1371 1153 facilem
1392 1126 1440 1152 tot
1462 1119 1643 1151 difficilium
1673 1118 1777 1150 nodo-

301 1193 374 1214 rum
393 1184 636 1225 explicationem
662 1187 848 1224 sequeretur
873 1182 1034 1224 perspexit
1054 1192 1167 1224 sagax,
1192 1187 1224 1213 et
1245 1188 1400 1224 tanquam
1422 1192 1507 1212 nova
1528 1181 1595 1224 ipse
1618 1179 1691 1211 luce
1705 1179 1776 1211 col-

300 1240 452 1272 lustratus
485 1238 660 1282 stupendae
687 1237 766 1269 illud
792 1237 1004 1280 simplicitatis
1031 1245 1186 1280 systema,
1209 1237 1298 1281 quod
1325 1237 1366 1269 ab
1392 1237 1449 1269 illo
1473 1238 1569 1268 etiam
1599 1247 1690 1269 nunc
1716 1246 1777 1268 no·

301 1307 375 1329 men
401 1296 514 1335 habet,
535 1294 667 1327 feliciter
692 1300 800 1325 mente
820 1294 978 1338 concepit.

347 1413 464 1453 Magna
484 1419 680 1453 quamquam
704 1407 852 1451 perfusus
877 1407 1012 1438 invento
1033 1405 1150 1437 laetitia
1176 1405 1237 1437 sibi
1261 1412 1367 1438 tamen
1391 1405 1457 1438 fere
1477 1405 1536 1438 soli
1556 1404 1613 1438 diu
1632 1407 1780 1450 gravisus

304 1464 364 1496 fuit
389 1466 445 1497 Vir
470 1466 747 1505 modestissimus3
776 1476 836 1496 nec
863 1464 925 1496 nisi
949 1474 1003 1495 sex
1035 1469 1067 1495 et
1093 1464 1224 1507 triginta
1254 1464 1404 1508 deinceps
1433 1475 1595 1495 annorum
1629 1464 1778 1497 observa·

304 1521 447 1554 tionibus
475 1520 703 1563 confirmatus,
735 1533 925 1565 magnorum
955 1520 1083 1553 tandem
1109 1521 1262 1553 Virorum
1295 1528 1410 1564 rogatu
1437 1522 1574 1553 maxime
1606 1518 1778 1565 inductus,

305 1579 356 1618 id,
380 1578 468 1622 quod
491 1578 552 1621 ipsi
585 1578 863 1621 persuasissimum
896 1585 984 1621 erat,
1016 1578 1158 1610 modeste
1191 1586 1316 1610 tantum
1352 1578 1467 1610 calculi
1500 1578 1650 1610 facilioris
1686 1579 1781 1610 titulo

305 1636 474 1678 produxit,
494 1637 560 1678 jam
584 1633 867 1679 septuagenarius,
894 1633 1068 1664 immortali
1094 1643 1189 1676 opere
1213 1630 1254 1663 de
1267 1631 1521 1664 revolutionibus
1546 1632 1678 1664 Orbium
1699 1633 1781 1666 Coe.

303 1691 447 1731 lestz'um3
470 1699 564 1736 atque
596 1703 714 1735 paucos
738 1698 811 1735 post
841 1690 909 1722 dies
938 1697 1075 1722 mortem
1110 1690 1212 1729 obiit,
1247 1700 1334 1721 anno
1363 1688 1534 1720 millesimo
1560 1691 1780 1733 quingentesi-

306 1758 360 1778 mo
382 1750 626 1792 quadragesimo
662 1750 767 1782 tertio.

351 1861 452 1903 Igitur
476 1862 581 1893 medio
606 1862 671 1894 fere
693 1863 800 1895 seculo
825 1863 951 1896 decimo
981 1871 1071 1896 sexto
1104 1866 1163 1898 Vir
1194 1866 1346 1895 Summus
1369 1861 1536 1906 lampada,
1569 1861 1650 1905 quin
1672 1863 1782 1907 potius

309 1916 412 1947 tedam
442 1918 629 1958 ardentem,
659 1930 740 1962 quae
766 1931 894 1952 omnem
923 1922 1087 1952 scientiam
1113 1921 1370 1954 Astronomicam
1403 1918 1621 1957 collustraret‚
1644 1919 1780 1962 posteris

310 1973 449 2008 tradidit.
507 1978 588 2016 Quis
615 1988 683 2009 non
707 1982 847 2010 crederet
875 1979 967 2011 avide
999 1982 1104 2011 statim
1129 1985 1284 2021 gratoque
1312 1982 1496 2019 accepturos
1521 1971 1620 2006 fuisse
1647 1974 1780 2006 auimo?

312 2028 443 2062 Minime
472 2033 615 2074 gentium
629 2056 638 2071 ,
663 2045 775 2076 parum
797 2035 915 2075 abfuit,
938 2037 1018 2080 quin
1044 2036 1176 2078 indigne
1197 2035 1382 2077 abjicerent.
1431 2034 1531 2064 Tanta
1552 2032 1709 2063 nimirum
1730 2032 1780 2064 vis

310 2092 358 2117 est
387 2089 617 2130 praejudicatae
651 2092 815 2134 opinionis
850 2093 947 2136 longa
977 2099 1133 2125 vetustate
1164 2092 1382 2125 confirmatae.
1405 2108 1449 2116 —
1479 2090 1575 2123 Pauci
1604 2087 1780 2120 admodum

1713 2143 1783 2178 fue·
