1930 2448
298 138 335 166 A4
688 131 730 160 G.
809 130 1408 164 RUITENSCHILD

315 211 503 247 Theologicis
526 211 684 240 rationibus
717 221 748 241 se
782 213 935 250 praecipue
962 213 1028 242 duci
1058 214 1134 250 passi
1163 221 1241 244 sunt.
1291 215 1353 244 Alii
1383 214 1533 252 utrIusque
1558 216 1692 246 Foederis
1716 219 1812 248 stilum

312 270 421 290 sacrum
441 262 586 297 diceutes,
609 263 688 291 etiam
712 264 741 292 in
765 264 806 292 N.
835 265 869 293 F.
899 264 936 292 ita
953 264 1119 300 saepissime
1140 272 1208 294 sunt
1231 266 1355 301 versati,
1377 273 1430 301 ut,
1457 268 1571 302 quando
1599 268 1632 295 de
1659 269 1811 299 verborum

311 312 519 349 significatione
540 320 740 349 quaereretur,
766 315 961 351 Theologicae
980 314 1104 344 rationes
1121 316 1311 352 principatum
1339 316 1512 346 obtinerent.
1561 317 1608 346 Ex
1635 319 1685 347 hac
1712 321 1813 356 agendi

311 363 421 391 ratione
441 364 556 399 pluritni
583 364 698 392 omnino
724 365 779 393 orti
806 372 874 393 sunt
899 374 1021 394 errores.
1065 366 1141 394 Hinc
1169 375 1198 395 v.
1221 375 1248 395 e.
1271 366 1377 395 factum
1404 374 1466 402 est,
1489 374 1521 395 ut
1544 367 1573 396 in
1596 369 1668 397 locis·
1689 369 1753 406 ιῙοίΞΙ
1771 379 1809 399 2:

310 415 360 442 28.
401 414 476 442 Dan.
494 423 531 449 4:
558 423 594 450 5,
616 417 645 444 6.
685 416 767 452 Judic
799 425 837 452 3:
865 425 910 445 ιο.
951 416 1000 445 Ps.
1023 424 1074 452 51:
1100 426 1146 453 13.
1170 423 1197 445 et
1220 417 1306 452 alibi,
1327 426 1460 453 perverse
1479 419 1607 447 doctrina
1624 419 1658 446 de
1678 428 1813 455 persona-

309 464 387 492 litate
408 464 533 500 Spiritus
560 466 657 494 Sancti
684 474 698 493 e
717 466 758 494 N.
781 467 813 495 F.
834 474 1034 497 assumeretur.
1077 467 1197 497 Cautior
1222 467 1408 496 formularum
1429 468 1469 496 ibi
1493 468 1640 497 obviarum
1668 469 1809 505 indagatio

309 523 358 543 eos
382 515 411 544 in
436 515 508 544 hanc
533 516 630 552 potius
655 516 821 544 sententiam
845 517 1000 544 adductura
1025 516 1150 552 fuisset,
1172 526 1217 546 eas
1241 517 1437 555 intelligendas
1458 528 1519 548 esse
1540 520 1574 548 de
1597 520 1625 548 vi
1647 519 1747 555 agendi
1768 519 1811 547 di-

306 566 398 601 vina,
419 568 465 595 vel
491 567 524 594 de
550 567 666 595 dotibus
694 566 831 595 divinitus
855 567 980 595 collatis.
1021 567 1068 595 Ex
1096 568 1194 596 eodem
1221 568 1303 596 fonte
1327 569 1411 598 fluxit
1430 570 1625 606 interpretatio
1652 569 1708 598 loci
1731 570 1808 598 Gen.

309 625 364 653 19:
389 627 437 653 24.
469 626 483 644 e
507 617 636 646 doctrina
661 618 695 645 de
720 618 785 646 Deo
811 618 915 652 Patre,
937 617 1011 645 Filio
1039 624 1066 646 et
1092 618 1202 654 Spiritu
1230 618 1361 655 Sanct0;
1395 620 1444 647 ubi
1469 621 1494 648 si
1518 627 1593 648 recte
1614 620 1726 656 linguae
1751 620 1811 647 He·

307 667 405 696 braeae
432 667 502 696 ratio
525 669 709 704 consulitur,
731 677 790 697 non
817 677 955 704 personae
982 677 997 696 a
1021 677 1149 704 persona
1164 670 1305 705 reperitur
1323 670 1470 699 distinctio
1484 691 1495 704 ,
1517 671 1568 699 sed
1589 670 1722 706 repetitio
1745 677 1807 700 tan-

305 725 366 746 tum
395 718 565 747 substantivi
597 728 651 755 pro
678 719 862 755 pronomine.
901 719 1001 747 Eidem
1027 719 1234 755 interpretandi
1260 721 1345 749 modo
1368 721 1552 750 tribuendum
1580 726 1645 755 est,
1677 720 1754 755 quod
1778 720 1808 748 in

304 768 345 798 N.
367 769 401 797 F.
422 769 563 797 vocabula
584 770 644 803 ἴδιος
664 776 692 798 et
718 772 860 806 μονογενὴς
873 791 884 807 ,
905 778 1110 806 nonnunquam
1135 770 1219 799 nimis
1238 778 1415 807 premantur.
1458 771 1515 800 Sed
1536 771 1570 799 de
1597 779 1630 799 eo
1651 770 1724 799 infra
1741 772 1807 807 plu-

304 819 384 849 ribus
408 829 536 857 agemus.

342 872 383 900 At
410 871 474 907 quis
507 871 553 900 hic
583 871 660 901 forte
682 873 814 909 dixerit,
846 874 1040 910 incipiendum
1067 880 1160 903 tamen
1185 874 1275 904 videri
1300 875 1334 904 ab
1361 874 1503 911 Analogia
1532 872 1677 902 doctrinae
1701 879 1808 901 consu-

303 923 405 957 lenda,
427 922 451 950 si
470 922 629 957 quaerimus
655 924 891 960 significationem
910 926 1086 961 verborum,
1116 925 1223 962 quibus
1244 926 1290 954 usi
1316 932 1385 954 sunt
1410 925 1567 961 scriptores
1594 924 1627 952 de
1651 923 1737 951 rebus
1762 923 1807 951 di-

302 973 378 1002 vinis
406 973 508 1003 locuti.
550 974 791 1011 Respondemus,
813 976 910 1013 lingua
932 977 1053 1005 humana
1077 985 1126 1005 eos
1152 977 1186 1005 de
1210 976 1255 1004 his
1274 984 1393 1012 quoque
1417 977 1531 1004 locutos
1553 982 1634 1010 esse3
1658 982 1741 1010 quam
1765 973 1803 1002 ob

303 1032 437 1058 causam,
458 1024 492 1052 ab
515 1025 686 1060 inquirendo
708 1027 854 1055 communi
880 1027 1018 1062 loquendi
1045 1035 1101 1055 usu
1123 1027 1317 1063 incipiendum
1343 1027 1393 1055 sit.

341 1074 380 1103 11.
411 1074 555 1112 Quoniam
586 1084 654 1104 vero
677 1076 817 1111 loquendi
841 1085 934 1112 usus,
964 1076 1119 1112 vulgariori
1149 1078 1234 1105 modo
1265 1083 1413 1112 repertus,
1447 1085 1532 1113 saepe
1555 1084 1614 1105 non
1640 1075 1742 1104 sufficit
1770 1075 1809 1110 ad,

303 1124 457 1153 verborum
479 1124 718 1161 significationem
743 1127 991 1162 cognoscendamg
1013 1133 1108 1156 tamen
1133 1127 1164 1156 in
1189 1126 1224 1155 iis
1245 1127 1358 1163 verbis,
1387 1126 1438 1155 ubi
1467 1127 1524 1155 hoc
1547 1128 1642 1155 locum
1671 1126 1802 1161 obtinet,

303 1175 501 1211 explicandis,
535 1184 595 1203 eam
617 1175 654 1203 ob
682 1184 795 1204 causam
821 1184 881 1205 non
911 1176 1007 1204 statim
1040 1176 1266 1213 confugiendum
1303 1183 1346 1204 est
1374 1178 1409 1204 ad
1444 1178 1612 1211 Analogiam
1643 1176 1802 1204 doctrinae.

301 1226 375 1255 Sunt
398 1225 471 1254 enim
499 1226 644 1261 certiora,
666 1227 772 1262 quibus
796 1227 953 1256 verborum
978 1226 1226 1262 formularumque
1251 1225 1423 1262 significatio
1450 1225 1627 1261 reperiatur,
1654 1225 1800 1262 subsidi-ag,

301 1278 399 1312 plures
424 1283 492 1305 sunt
517 1277 642 1306 rationes
668 1277 886 1314 significationis
916 1277 1103 1314 reperiundae
1127 1276 1322 1306 subsidiariae.
1364 1276 1433 1304 Vid.
1462 1276 1613 1305 Ernestius
1637 1276 1710 1306 Just.
1739 1276 1799 1305 lm.

300 1327 332 1356 S.
355 1328 379 1356 Ι.
401 1327 439 1356 C.
456 1328 480 1357 I.
502 1329 532 1364 §.
549 1336 598 1363 24.
625 1328 657 1357 S.
676 1328 716 1357 ΙΙ.
745 1328 785 1359 C.
805 1339 834 1358 2.
858 1330 888 1364 §.
903 1336 1018 1364 2—15.
1060 1328 1138 1356 Haec
1167 1327 1264 1362 enim,
1297 1327 1376 1363 quod
1399 1326 1492 1355 obiter
1513 1333 1612 1355 notare
1635 1326 1736 1362 liceat,
1757 1326 1801 1355 in-

298 1378 398 1414 primis
422 1378 457 1406 ad
484 1378 639 1407 verborum
665 1378 904 1416 significationem
928 1385 1058 1416 spectare
1082 1378 1237 1407 videntur:
1257 1377 1308 1406 sed
1329 1377 1428 1414 paucis
1454 1377 1592 1414 exemplis
1612 1384 1733 1406 mentem
1754 1384 1801 1406 ex-

298 1428 450 1465 plicemus.

333 1479 382 1508 Ps.
409 1481 468 1507 82:
499 1487 527 1508 1.
554 1478 606 1508 ubi
635 1479 764 1509 occurrit
787 1479 912 1509 formula
934 1459 1060 1531 Ε’ἰὶιγὲξ
1085 1478 1201 1530 27332,
1222 1485 1298 1507 recte
1329 1479 1506 1516 antiquiores
1529 1479 1698 1515 interpretes
1722 1478 1801 1508 vide-

297 1548 386 1576 runt,
407 1540 550 1571 vocabulo
572 1521 710 1576 ffl’n'nk
735 1550 794 1571 non
815 1550 902 1578 posse
925 1540 1015 1570 tribui
1029 1515 1274 1577 significationem
1298 1541 1376 1577 Dei,
1398 1550 1481 1577 quam
1507 1541 1651 1577 vulgarIOr
1679 1542 1801 1576 loquen-

297 1592 325 1620 di
357 1600 427 1620 usus
455 1591 640 1628 suppeditet3
676 1593 729 1620 hac
756 1592 830 1621 enim
858 1597 983 1620 assumta
1010 1590 1242 1627 significatione,
1264 1593 1361 1620 nullus
1390 1592 1508 1621 omnino
1548 1591 1651 1620 rediret
1683 1599 1797 1619 sensus.

295 1641 443 1671 Nonnulli
471 1650 540 1678 ergo
568 1642 603 1670 ad
631 1641 784 1672 Trinitatis
814 1641 935 1677 dogma,
968 1641 1206 1677 quemadmodum
1231 1641 1261 1670 in
1283 1641 1326 1670 N.
1348 1642 1382 1670 F.
1404 1641 1556 1677 praecipue
1580 1640 1711 1668 traditum
1736 1646 1798 1674 est,

295 1692 511 1728 confugerunt,
541 1698 628 1727 atque
655 1700 690 1720 ex
714 1700 750 1720 eo
773 1691 1010 1728 significationem
1035 1691 1261 1721 constituerunt.
1302 1692 1427 1728 Egregie
1456 1700 1525 1720 vero
1554 1697 1702 1726 errarunt,
1731 1689 1798 1726 quia

294 1742 465 1770 certioribus
496 1742 706 1778 praetermissis
730 1742 892 1771 rationibus
918 1742 953 1770 ad
980 1741 1073 1771 minus
1097 1749 1188 1771 certas
1214 1749 1418 1779 provocarunt.
1459 1742 1490 1770 Si
1516 1750 1618 1777 nempe
1639 1749 1694 1776 ea,
1723 1748 1797 1775 quae

298 1792 327 1822 in
344 1792 407 1822 'hoc
432 1793 482 1822 Ps.
508 1801 690 1829 sequuntur,
711 1794 962 1829 considerassent,
983 1793 1125 1822 vocabulo
1147 1791 1304 1829 ΕΤιῖξε,
1322 1791 1461 1831 judicum
1486 1791 1725 1828 significationem
1745 1790 1799 1819 tri-

294 1843 444 1879 buissent,
468 1852 551 1880 quam
578 1851 605 1873 et
627 1844 657 1874 in
681 1845 744 1873 aliis
766 1845 838 1874 locis
858 1845 967 1880 habet,
987 1852 1018 1873 v.
1040 1853 1067 1873 c.
1089 1844 1187 1873 Exod.
1207 1852 1263 1872 21:
1287 1844 1315 1873 6.
1338 1851 1392 1873 22:
1415 1844 1452 1878 8,
1473 1852 1515 1880 9,
1536 1845 1584 1872 28.

332 1893 413 1930 Eph.
434 1902 472 1923 2:
498 1904 523 1924 1.
545 1895 656 1930 dicti0‚
673 1896 776 1932 νεκροὺς
793 1900 848 1928 τοῖς
865 1896 1072 1931 παραπτώμασι
1089 1896 1134 1925 καὶ
1151 1896 1298 1931 οἱμικρτΙαις
1309 1914 1319 1929 ,
1337 1903 1371 1922 ex
1390 1893 1529 1929 loquendi
1553 1902 1609 1922 usu
1625 1892 1728 1922 variam
1747 1892 1795 1921 ha-

297 1943 364 1972 bere
385 1951 483 1980 potest
497 1944 747 1981 significationem.
788 1946 859 1976 Non
874 1946 961 1983 igitur
980 1946 1084 1975 sufficit
1099 1945 1237 1981 loquendi
1254 1953 1325 1973 usus
1339 1945 1374 1972 ad
1390 1944 1622 1981 cognoscendum
1633 1964 1644 1978 ,
1666 1944 1794 1979 quisnam

295 1994 473 2030 significatus
499 1996 524 2023 ei
548 1996 603 2025 hoc
629 1998 695 2025 loco
722 1996 891 2026 tribuendus
917 1998 968 2026 sit.
1009 1996 1089 2025 Num
1104 1996 1190 2032 igitur
1210 1997 1260 2024 lux
1282 1995 1401 2031 petenda
1427 1995 1480 2023 erit
1505 1994 1539 2023 ab
1563 1993 1703 2029 Analogia
1725 1993 1795 2022 doo-

296 2043 410 2075 trinae?
449 2046 576 2076 Praestat
594 2055 643 2084 ea,
664 2055 737 2083 quae
758 2047 877 2082 omnino
891 2047 923 2077 in
942 2046 1081 2077 orationis
1102 2045 1176 2076 serie
1191 2045 1277 2075 obvia
1293 2052 1360 2075 sunt
1373 2066 1384 2083 ,
1400 2045 1629 2075 animadvertere.
1643 2074 1646 2078 ,
1661 2043 1700 2073 Iis
1717 2051 1797 2073 nem-

1757 2099 1795 2129 pe
