1961 2438
360 118 399 147 ²4
842 101 1333 138 PROGRAMMA.

918 216 947 247 E
991 207 1253 247 MATHES‘I.

404 305 537 337 Tlteoria
566 307 601 337 de
632 305 777 336 Maximis
800 312 830 337 et
853 304 992 336 Minimis
1019 302 1194 343 explicetur
1223 311 1253 336 et
1281 304 1381 337 variis
1410 307 1558 348 exemplis
1589 308 1777 342 illustretur.

855 404 906 436 Ex
952 401 1333 438 ASTRONOMIA.

403 490 602 534 Horologium
638 495 748 526 Solare
779 492 972 525 inscribatur
1009 491 1169 532 utrimque
1190 491 1311 533 plano,
1349 494 1430 537 quod
1461 495 1579 527 transit
1608 501 1668 537 per
1701 510 1722 530 a
1754 506 1782 529 et
1805 498 1831 539 β

364 549 488 582 Orionis
508 559 539 583 et
558 558 620 593 per
643 551 887 584 observatorium
911 547 1069 580 Leidense.
1853 540 1857 545 ⁹

747 650 799 681 Ex
842 645 1109 679 HISTORIA
1152 646 1453 682 NATURALI.

407 738 461 769 An
489 746 519 770 et
542 749 694 780 quousque
718 737 970 769 Fundamentum
995 736 1177 777 systematis
1195 736 1421 781 flffineralogici
1441 739 1550 770 deduci
1567 739 1684 779 possit,
1707 739 1772 771 sive
1787 749 1828 771 ex

365 805 511 826 concursu
536 796 755 827 characterum
776 795 927 826 dictorum
951 801 1173 831 externorum,
1208 795 1271 825 sive
1298 805 1338 826 ex
1360 794 1471 837 fornici
1495 795 1736 836 crystallorum,
1765 795 1829 827 sive

365 860 404 881 ex
428 851 546 882 intuitu
570 851 792 893 compositionis
811 850 973 883 Clzemicae
996 856 1157 891 corporum
1179 850 1224 882 ad
1245 850 1391 893 Regnum
1409 851 1572 885 Minerale
1590 851 1831 893 pertinentium.

959 949 987 980 E
1033 948 1254 983 CHEMIA.

419 1037 568 1078 Quomodo
585 1038 772 1080 conficienda
786 1046 858 1070 sunt
872 1038 901 1070 T
898 1037 1108 1070 hermometra
1122 1045 1152 1069 et
1165 1036 1376 1076 Barometra‚
1394 1045 1429 1069 ut
1439 1060 1449 1075 ‚
1465 1047 1570 1070 eorum
1590 1044 1658 1079 ope,
1682 1038 1784 1071 variis
1802 1038 1836 1069 in

370 1095 441 1125 locis
467 1095 688 1127 observationes
705 1096 961 1138 Meteo‘rologicae
984 1104 1078 1139 atque
1092 1095 1255 1128 Clzemicae
1266 1095 1386 1135 possint
1406 1095 1531 1127 institui
1552 1103 1582 1127 et
1597 1096 1681 1128 inter
1704 1105 1735 1127 se
1757 1103 1834 1126 com-

366 1151 511 1191 parari?
533 1153 602 1192 ipsa
617 1153 820 1193 comparandi
835 1152 995 1193 methodus
1007 1154 1155 1195 exemplis
1172 1153 1362 1184 illustretur.

414 1238 712 1278 CommentationeS,
736 1238 842 1271 Latina
872 1249 986 1273 tantum
1005 1241 1141 1271 oratione
1163 1239 1386 1277 conficiendae,
1415 1248 1446 1270 et
1471 1240 1529 1271 alia
1557 1249 1646 1281 quam
1665 1239 1837 1270 Auctorum

373 1305 459 1326 manu
488 1295 716 1334 describendae,
743 1306 810 1327 ante
832 1297 910 1329 dlem
942 1307 953 1328 1
979 1297 1166 1328 Novembris
1196 1296 1286 1337 hujus
1303 1297 1371 1327 anni
1397 1298 1556 1327 mittuntor
1573 1296 1609 1327 ad
1634 1297 1741 1328 Virum
1763 1294 1836 1325 Cla-

372 1353 521 1383 rissimum
553 1362 736 1384 stONEM
775 1363 952 1385 SPEYERT
985 1364 1065 1385 VAN
1104 1364 1184 1384 DER
1215 1364 1310 1392 ΕῩΚ,
1343 1354 1525 1385 Academiae
1557 1353 1734 1384 Actuarium
1754 1374 1765 1389 ‚
1797 1352 1838 1382 ita

372 1417 405 1439 ut
431 1409 521 1440 nullis
548 1410 584 1440 ab
612 1409 791 1440 Academiae
821 1418 904 1449 parte
940 1410 1084 1440 faciendis
1112 1411 1250 1450 expensis
1286 1410 1373 1441 detur
1406 1410 1504 1443 locus.
1548 1409 1706 1440 Lemmate
1738 1415 1840 1438 autern

374 1475 478 1496 omnes
504 1465 729 1503 inscribendae,
753 1466 849 1506 iisque
874 1466 1079 1508 adjungendae
1099 1475 1168 1497 sunt
1189 1467 1350 1498 schedulae
1368 1468 1561 1509 obsignatae,
1585 1467 1756 1497 Auctorum
1783 1473 1838 1495 no-

375 1522 453 1552 mina
471 1524 677 1560 conti1iente8‚
701 1521 872 1562 eodemque
896 1523 926 1552 in
949 1524 1096 1553 exteriore
1119 1532 1202 1563 parte
1226 1523 1365 1554 lemmate
1388 1525 1556 1565 insignitae.

421 1578 566 1609 Universa
589 1588 661 1609 vero
687 1579 920 1609 concertationis
952 1579 1097 1610 ineundae
1119 1588 1149 1609 et
1168 1579 1374 1622 dijudicandae
1401 1581 1479 1612 ratio
1509 1580 1656 1622 cognosci
1678 1584 1781 1619 potest
1803 1585 1844 1607 ex

379 1632 491 1667 Edicto
514 1635 609 1677 Regis
634 1645 721 1676 supra
745 1634 845 1674 dicto,
869 1635 936 1667 Art.
962 1643 1162 1676 205—213.
