1961 2438
366 120 409 158 zo
770 122 812 155 C.
867 122 1099 155 EKAMA
1152 122 1432 155 ORATIO.

414 211 577 249 lumime,
602 209 706 242 debita
726 209 888 242 efferimus
906 211 1081 242 reverentia
1101 221 1222 241 necis
1248 213 1348 242 nostri
1367 218 1607 243 aucus'nsm
1617 220 1663 243 111
1690 211 1842 242 Favorem

369 265 683 305 elMuuificentiam,
703 267 821 310 quibus
839 273 995 310 quantum
1016 266 1126 297 debeat
1146 265 1222 296 haec
1240 266 1373 299 Palladis
1394 266 1504 306 sedes,
1528 277 1601 298 cum
1620 267 1686 310 ipsa
1703 265 1838 310 loquan-

369 326 422 351 tur
446 333 552 354 rerum
582 325 761 355 testimonia
777 348 786 364 ‚
811 323 891 368 quid
916 335 997 368 opus
1023 331 1070 356 est
1093 322 1220 355 verbis?

412 434 474 465 Sed
497 442 528 467 et
545 436 654 469 officio
676 438 783 470 deesse
807 438 887 469 mihi
912 437 1038 476 videar,
1065 437 1128 469 nisi
1151 447 1225 470 vos
1251 447 1382 481 quoque
1401 437 1535 469 memori
1552 442 1707 481 gratoque
1726 437 1836 469 animo

371 491 559 533 compellem
578 493 786 526 Illustrissimi
805 494 902 536 hujus
931 494 1117 526 Academiae
1142 493 1389 527 enna‘ronns!
1438 495 1604 538 Quidquid
1628 493 1668 526 ad
1684 493 1781 526 decus
1804 499 1836 526 et

370 545 506 587 gloriam
526 549 637 590 faciat,
663 552 695 583 id
714 552 813 585 Vobis
832 562 926 583 curae
946 551 1098 595 cordique
1122 559 1181 584 est.
1218 551 1318 583 Vobis
1335 550 1417 583 nihil
1440 551 1624 594 antiquius,
1647 550 1730 582 nihil
1755 552 1836 583 cari-

369 612 427 642 us,
452 616 548 648 quam
567 619 663 651 opera
687 615 789 640 vestra
814 615 844 640 el
864 609 999 640 consilio
1019 609 1230 651 integritatem
1250 608 1319 650 ejus
1344 608 1442 646 tueri,
1466 607 1599 640 salutem
1618 618 1827 651 promovere,

372 660 615 702 amplitudinem
640 664 844 708 amplificare.
897 666 1017 699 Vestris
1041 668 1138 709 igitur
1165 664 1329 708 Auspiciis
1358 671 1393 697 ut
1417 664 1523 705 floret,
1546 667 1592 697 sic
1616 671 1735 697 crescat
1765 675 1831 696 ma·

367 716 416 758 gis
438 720 600 761 magisque
623 727 654 753 et
676 721 837 765 augescat!

411 827 458 860 Ita
484 841 558 863 vero
586 833 754 876 perennet!
788 841 844 873 ut,
877 846 973 878 quam
1005 846 1064 867 nos
1095 835 1168 868 laeti
1202 846 1290 866 nunc
1318 834 1515 867 celebramus
1552 835 1825 877 incolumitatem2

365 888 629 929 prosperitatem,
653 900 722 922 eam
749 890 844 934 longe
859 891 1004 924 laetiores
1027 893 1122 924 etiam
1142 899 1215 936 post
1234 891 1339 924 secula
1363 891 1522 924 celebrent
1539 893 1602 924 seri
1625 890 1777 937 Nepotesl

641 1027 768 1054 FAXIT
802 1029 890 1056 HOC
929 1029 1043 1057 DEUS
1081 1029 1279 1058 OPTIMUS
1312 1029 1546 1057 MAXIMUS!
