1961 2438
713 107 1147 145 ‘ORATIOs
1622 117 1665 155 33

185 196 359 230 artificibus
380 196 506 234 Frisiis,
532 205 672 240 quorum
698 194 777 226 alter
801 195 903 236 Arsen
925 196 1053 235 Roeloss
1076 196 1154 228 alter
1179 194 1271 229 Sieds
1290 196 1428 237 Rienks,
1453 209 1513 232 suo
1545 212 1664 233 vocan.

188 261 240 287 tur
265 254 434 292 idiomate,
459 253 539 284 mira
565 252 705 283 sollertia
727 251 930 291 confectum,
957 255 1103 297 Gregorii
1126 253 1300 296 itidemque
1330 257 1538 299 Cassegreinii
1567 258 1657 290 theo-

187 311 481 354 riaeadaptatum,
512 316 650 352 quatuor
682 308 802 352 pedum
835 309 1057 351 longitndine,
1087 317 1160 342 octo
1183 310 1338 354 pollicum
1370 311 1541 352 diametro,
1566 317 1659 357 cujus

186 377 248 410 ope
266 378 362 411 qnam
388 368 554 411 perspicue
575 376 672 409 qnam
700 369 843 397 accurate
867 366 1014 398 coelestia
1042 368 1133 398 cerni
1166 367 1290 410 possint
1315 373 1346 398 et
1371 368 1534 402 observari
1560 371 1658 414 phae-

185 434 338 467 nomena,
363 425 481 457 multos
502 433 577 455 sane
600 425 750 455 Vestrum
770 422 873 454 habeo
901 429 1005 456 testes.

226 536 314 577 Quid
331 538 429 579 igitur
447 544 666 581 exspectemus
684 535 786 569 A.A.!
810 548 883 569 cum
907 537 1049 581 primum
1072 548 1194 569 novum
1218 537 1298 569 illud
1318 538 1413 582 longe
1435 540 1565 583 majoris
1589 552 1658 573 mo·

182 592 253 625 'duli
273 593 492 637 Telescopium
518 594 552 624 in
581 592 707 636 specula
732 594 807 624 satis
829 600 924 637 apta,
949 594 1043 636 cujus
1073 594 1284 625 exstruendae
1309 594 1425 627 locatio
1445 597 1569 639 publica
1586 599 1657 641 ipso

183 651 247 682 hoc
273 650 407 682 solemni
431 649 501 689 die,
532 650 620 692 quod
651 649 825 689 laetamur,
854 651 919 692 jam
943 649 1023 681 facta
1045 656 1113 688 est,
1146 661 1221 681 cum
1246 651 1345 694 igitur
1368 653 1403 683 in
1425 653 1551 696 specula
1573 656 1658 696 ejus-

182 706 271 739 modi
297 707 336 738 ad
355 717 450 738 usum
481 705 576 738 fuerit
601 705 804 739 collocatum.
851 706 1074 750 Telescopium
1099 705 1200 747 illud,
1225 710 1399 742 novissime
1423 710 1527 754 Regio
1544 711 1654 753 jussu,

182 763 224 795 ab
245 763 357 794 iisdem
381 763 444 794 illis
463 762 648 794 Artificibus
666 764 796 801 Frisiis,
822 773 947 795 Arum(
970 774 1172 802 nonnors,
1196 765 1260 806 jam
1288 774 1489 806 senescente,
1515 778 1588 799 raro
1610 768 1658 798 in-

182 821 270 864 genii
289 819 506 858 Mathematici
531 822 679 851 acumine
704 821 738 851 in
765 820 878 863 primis
901 819 1103 862 praestabili,
1127 827 1159 852 et
1188 831 1300 854 smus
1324 832 1501 864 menas,
1530 835 1656 856 summa

183 878 369 921 praesertim
390 876 518 908 artificii
540 877 726 908 dexteritate
743 887 839 919 quam
866 877 1005 907 maxime
1026 876 1220 916 excellente,
1245 878 1286 910 ab
1308 879 1359 911 his
1382 880 1497 923 igitur,
1515 885 1658 912 ceterum

179 933 370 974 hominibus
397 934 548 972 rusticis,
572 933 757 965 conditione
779 933 946 975 agricolis,
977 931 1122 964 Belcumi
1148 934 1348 974 confectum,
1372 938 1488 978 Regiae
1514 936 1654 970 Munifi-

182 992 306 1021 centiae
329 1000 418 1020 nunc
440 992 591 1028 Donum,
617 1001 683 1032 quo
702 995 788 1032 grata
813 988 958 1032 superbit
977 989 1152 1021 Academia
1171 990 1490 1033 Lugduno-Batava.
1514 1010 1557 1018 —
1579 996 1656 1037 Spe·

180 1045 291 1077 culum
320 1045 416 1077 habet
441 1046 748 1089 quadringentarum
769 1044 944 1084 librarum,
968 1045 1086 1077 tubum
1110 1045 1315 1089 longitudine
1335 1049 1577 1091 quatuordecim
1595 1060 1650 1093 pe-

177 1102 277 1141 dum,
301 1102 457 1134 diametro
484 1102 637 1146 pollicum
661 1102 762 1133 trium
786 1108 819 1133 et
841 1101 982 1143 viginti,
1008 1113 1075 1145 qua
1106 1103 1239 1147 quidem
1267 1112 1381 1136 mutua
1412 1117 1580 1138 mensurae
1604 1117 1654 1138 ra·

177 1159 285 1206 tione,
319 1159 473 1191 hactenus
495 1170 600 1198 nova,
629 1159 742 1190 ceteris
765 1157 918 1190 omnibus
941 1159 1103 1192 antecellit
1126 1160 1329 1205 Telescopiis.
1352 1180 1394 1189 —·
1420 1166 1486 1195 Suo
1517 1164 1652 1207 imposi-

179 1221 249 1248 tum
280 1216 450 1248 commode
476 1215 581 1247 fulcro
614 1227 632 1248 e
663 1215 754 1258 ligno
781 1215 956 1247 durissimo
996 1223 1145 1248 movetur
1177 1228 1277 1261 aeque
1308 1225 1340 1250 et
1368 1220 1402 1251 in
1429 1219 1527 1263 plano
1556 1226 1588 1251 et
1614 1219 1656 1251 ad

179 1274 353 1311 verticem,
375 1283 475 1315 aeque
499 1272 776 1304 accommodatum
805 1273 1036 1305 Newtonianae
1059 1284 1095 1305 ac
1125 1275 1339 1317 Gregorianae
1368 1275 1561 1320 inspiciendi
1583 1285 1654 1308 me·v

181 1332 299 1373 thodo,
321 1339 474 1376 apparatu
497 1342 629 1375 quoque
649 1330 910 1373 Cassegretniano
933 1332 1136 1363 instructum.

221 1450 313 1493 Opus
343 1459 441 1481 omne
469 1455 560 1481 tanto
585 1449 718 1493 ingenio
749 1454 797 1480 est
824 1448 1021 1480 elaboratum
1048 1454 1136 1481 tanta
1160 1456 1245 1490 arte,
1278 1455 1333 1489 ut,
1359 1450 1427 1481 sive
1452 1448 1648 1481 accuratissi-

176 1515 263 1538 mam
288 1513 410 1550 spectes
434 1505 693 1545 subtitilitatem,
725 1506 793 1538 sive
819 1505 1029 1538 illabefactam
1052 1506 1268 1546 firmitatem,
1291 1508 1359 1538 sive
1384 1507 1438 1538 vix
1463 1505 1651 1537 credibilem

180 1565 215 1598 in
241 1572 329 1599 tanta
356 1567 441 1599 mole
475 1567 707 1608 mobilitatem,
739 1568 807 1599 sive
836 1567 974 1598 nitorem
1011 1557 1152 1606 denique
1182 1563 1450 1607 splendoremque
1460 1566 1474 1602 ‚‘
1503 1562 1651 1593 miraculi

175 1620 319 1666 profecto
339 1623 381 1654 sit
402 1623 512 1654 instar.
535 1640 577 1648 -—
608 1626 647 1655 Et
666 1634 776 1656 revera
800 1624 908 1655 mirati
928 1627 1024 1661 sunt,
1048 1621 1309 1665 obstupuerunt,
1329 1623 1518 1664 quicunque
1530 1626 1650 1663 specta-

175 1679 280 1712 !erint
294 1702 304 1719 ,
327 1685 361 1711 et
382 1680 485 1711 nostri
507 1679 658 1713 homines
682 1687 714 1713 et
733 1681 846 1713 exteri.

240 1962 381 2001 Illorum
406 1977 484 1999 vero
504 1967 671 2000 Clarorum
682 1967 837 2002 Virorum
856 1965 891 1996 in
913 1962 1172 1996 docendo'curae
1191 1961 1316 1994 fructus
1329 1984 1338 2001 ,
1360 1963 1550 2005 Horumqne
1565 1959 1646 1992 Sub-

178 2020 333 2054 sidiorum
362 2023 547 2066 splendidae
573 2026 683 2069 copiae
703 2035 781 2056 usus
801 2023 841 2056 ad
864 2025 931 2054 Vos
954 2022 1124 2065 praecipue
1150 2021 1312 2064 pertinent
1337 2021 1475 2051 Juvenes
1502 2017 1647 2049 Ornatis-

175 2079 269 2111 simi!
309 2080 421 2113 Almae
449 2082 563 2113 Matris
590 2088 717 2114 nostrae
742 2078 892 2112 Alumni!
916 2089 1001 2122 quos
1023 2077 1140 2110 lubens
1159 2077 1323 2120 laetusque
1346 2077 1412 2120 jam
1432 2072 1601 2117 compello·

946 2136 971 2167 E
1535 2128 1648 2171 Quan-
