1930 2448
269 117 286 148 i
499 109 1204 153 JACOBIHENRICIVAN
1243 114 1548 145 DERHEIM

272 196 311 224 ita
336 200 368 224 ut
392 194 460 223 mihi
489 196 662 231 persuadens
690 195 743 224 hac
769 193 970 230 disquisitione
995 199 1099 230 sponte
1125 202 1170 223 me
1195 194 1231 223 ad
1258 196 1335 234 Juris
1372 198 1569 229 decemviralis
1594 199 1788 237 cognitionem

274 247 390 275 ductum
408 245 464 281 iri,
488 246 557 281 quid
573 246 670 275 hocin
689 246 842 275 certamine
856 252 971 282 possem
992 245 1118 282 experire
1136 247 1303 284 statuerim,
1322 255 1349 277 et
1367 249 1454 287 liu-ius
1474 250 1648 286 quaestionis
1670 261 1790 288 respon-

275 299 383 327 sionem
403 306 455 333 pro
477 295 585 326 viribus
601 297 811 334 suscipiendam
830 296 978 333 duxerim3
1004 305 1061 332 quo
1082 296 1209 334 factum,
1232 306 1263 327 ut
1279 299 1410 329 incautus
1427 301 1481 329 hoc
1499 302 1674 338 susceperim
1691 311 1765 338 opus
1778 322 1789 337 ‚

278 358 337 377 non
356 348 485 384 cogitans
515 348 629 384 quantis
654 348 869 377 difficultatibus
906 355 933 376 et
970 349 1112 377 aerumnis
1139 349 1297 379 obnoxium
1332 358 1407 380 esset
1433 352 1488 380 XII
1515 352 1612 382 Tabb.
1640 353 1789 389 studium,

279 400 356 435 quod
379 399 407 428 in
424 406 500 428 tanta
516 400 684 436 antiquitate
702 407 829 428 versatur
842 421 851 435 ,
875 407 1017 435 quamque
1036 400 1149 429 difficile
1172 402 1271 438 juveni
1291 402 1369 439 Juris
1386 403 1462 431 haud
1485 403 1579 439 perito
1599 404 1696 432 merita
1715 413 1793 432 sum-

280 452 317 479 mi
338 451 367 479 In
391 450 614 488 jurisprudentia
640 451 696 480 viri
726 451 764 480 ita
790 450 975 487 praedicare,
1007 457 1039 479 ut
1064 450 1240 480 doctissimis
1270 459 1298 482 et
1321 453 1512 483 celeberrimis
1533 456 1594 493 ejus
1623 455 1794 484 Academiae

273 501 350 537 Juris
371 501 614 532 Antecessoribus
631 502 772 539 probetur
788 501 962 537 disquisitio.

310 553 374 580 Nec
392 559 486 581 tamen
509 553 747 588 difficultatibus,
771 551 899 588 quamvls
920 560 965 580 res
983 553 1069 582 ardua
1088 552 1233 583 videretur
1245 576 1255 591 ,
1285 556 1420 586 deterreri
1441 566 1486 586 me
1504 567 1606 595 passus
1627 567 1712 594 sum,
1740 558 1792 587 hac

272 603 404 640 inprimis
427 613 477 640 spe
506 604 618 640 fretus,
640 604 704 634 fore
729 611 780 640 ut,
802 604 827 633 si
845 613 904 633 non
927 605 1080 640 proposita
1104 606 1195 641 palma
1216 615 1231 634 a
1251 615 1295 634 me
1319 607 1482 644 auferetur,
1511 609 1672 638 uberrimos
1698 615 1792 638 tamen

273 663 307 682 ex
324 655 458 684 instituto
478 656 532 684 XII
550 655 648 684 Tabb.
672 656 767 685 studio
783 657 817 684 ad
832 655 909 692 Juris
928 654 1055 684 Romani
1078 656 1273 692 cognitionem
1292 656 1406 686 fructus
1424 659 1612 695 perciperem.

314 707 414 742 Itaque
434 714 465 735 ut
485 716 542 735 rem
561 708 693 744 suscepi,
715 707 877 743 proximum
898 713 975 741 erat,
998 712 1029 734 ut
1047 715 1102 742 qua
1125 707 1233 736 ratione
1258 716 1301 736 res
1323 709 1468 737 tractanda
1491 716 1567 738 esset
1591 710 1714 739 viderem
1727 732 1737 747 ,
1758 711 1794 739 de

275 767 330 793 qua
346 758 414 786 mibi
437 758 574 795 cogitanti
592 767 608 786 a
624 759 776 794 proposito
798 767 857 788 non
871 758 994 787 alienum
1014 757 1108 787 visum
1137 766 1202 794 est;
1220 761 1348 797 primum
1374 769 1517 797 exponere
1541 760 1656 789 brevem
1675 761 1794 797 originis

272 817 300 838 et
317 809 440 838 fatorum
457 811 511 838 XII
529 809 703 838 Tabularum
721 810 890 846 historiam3
913 809 1013 839 deinde
1033 809 1102 845 quid
1117 810 1174 847 Jcti
1195 818 1259 840 ante
1280 811 1496 841 Gothofredum
1513 818 1644 841 nostrum
1659 807 1688 840 in
1705 812 1797 848 expli-

275 860 371 888 candis
390 867 416 889 et
433 860 605 897 colligendis
621 861 676 890 XII
697 860 794 890 Tabb.
820 863 913 898 legum
931 861 1096 898 fragmentis
1115 862 1330 899 praestiterint,
1353 872 1502 898 enarrare,
1525 862 1564 891 ita
1582 868 1634 898 ut,
1658 861 1796 900 expositis

272 913 358 940 tertio
372 913 427 941 loco
450 921 522 948 quae
541 913 602 949 ipse
618 912 816 942 Gothefredus
839 914 890 942 hac
908 913 937 942 in
957 921 986 941 re
1004 912 1126 948 fecerit,
1148 913 1182 941 de
1200 915 1261 951 ejus
1283 913 1392 943 meritis
1412 913 1533 952 judicari
1549 920 1663 951 posset.

314 963 411 1001 Quare
430 964 458 993 in
479 964 532 993 tria
548 965 641 1001 capita
658 965 726 993 haec
752 964 889 993 dividitur
906 964 1168 1003 disputatiuncula3
1192 966 1230 995 ita
1248 974 1280 996 ut

274 1015 373 1052 Caput
393 1016 418 1045 Ι.
462 1025 586 1054 exponat
609 1017 759 1046 historiam
778 1018 834 1046 XII
854 1017 952 1047 Tabb.
971 1019 1062 1054 deque
1080 1027 1176 1047 earum
1195 1018 1260 1047 fatis
1280 1018 1526 1055 disquisitionem.

277 1066 379 1104 Capite
395 1069 433 1099 ΙΙ.
474 1068 642 1098 exhibeatur
660 1068 819 1105 disputatio
834 1069 868 1098 de
883 1069 953 1104 Jctis
965 1089 976 1106 ,
1000 1069 1050 1106 qui
1066 1076 1131 1100 ante
1149 1069 1365 1100 Gothofredum
1388 1069 1565 1098 floruerunt:
1588 1075 1616 1098 et
1634 1068 1750 1104 quidem

388 1121 420 1156 §.
443 1130 471 1150 ι.
511 1121 557 1149 De
576 1121 730 1150 Balduino.

388 1176 418 1210 §-
439 1181 469 1200 2.
510 1173 554 1201 De
576 1172 742 1201 Raevardo.

385 1224 415 1258 §.
438 1233 466 1259 3.
507 1224 550 1253 De
572 1223 772 1254 Hotomanno.
812 1261 815 1264 Ι

389 1273 417 1307 §.
438 1283 469 1309 4.
510 1275 555 1303 De
576 1275 722 1312 Dionysio
744 1276 946 1306 Gothoftedo.

388 1325 419 1360 §.
442 1331 472 1361 5.
513 1325 559 1354 De
579 1325 714 1357 Pithoeo.

390 1376 420 1411 §.
444 1376 474 1404 6.
514 1377 558 1405 De
580 1376 727 1405 Marcilio.

276 1423 351 1461 Cap-
374 1426 428 1456 111.
468 1427 514 1456 De
532 1427 639 1462 Jacobo
656 1427 843 1456 Gothofredo
864 1426 1029 1456 diceretur:
1054 1433 1081 1455 et
1098 1426 1214 1463 quidem

388 1479 417 1512 g.
442 1485 469 1508 1.
509 1478 555 1507 De
574 1481 600 1514 J.
617 1478 712 1508 Goth.
732 1478 761 1507 in
782 1478 942 1507 universam
960 1478 1213 1515 jurisprudentiam
1232 1477 1352 1508 meritis.

390 1528 419 1563 §-
440 1535 469 1555 2.
511 1530 555 1556 De
570 1530 663 1558 Goth.
686 1530 715 1558 in
734 1529 916 1558 restituendis
936 1530 991 1559 XII
1010 1530 1108 1558 Tabb.
1126 1530 1260 1559 universe
1280 1529 1401 1559 meritis.

392 1579 421 1613 S.
448 1586 477 1613 3.
516 1579 560 1606 De
579 1578 744 1615 fragmentis
764 1579 888 1608 Tabulis
907 1579 967 1608 suis
991 1581 1115 1617 primum
1130 1582 1164 1610 ab
1184 1592 1218 1610 eo
1241 1582 1393 1610 restitutis.

391 1630 418 1665 §.
441 1639 472 1665 4.
512 1631 556 1659 De
573 1630 685 1668 Legum
704 1631 878 1668 singularum
894 1632 993 1661 ordine
1013 1640 1042 1661 et
1060 1633 1131 1662 serie
1151 1631 1280 1671 legitima
1304 1631 1333 1660 in
1353 1629 1423 1667 Ipsis
1442 1629 1565 1659 Tabuus.
1583 1630 1617 1659 ab
1635 1637 1670 1660 eo
1686 1629 1795 1664 'consti-

556 1681 627 1709 tutis
646 1688 672 1709 et
690 1683 833 1717 probatis.

346 1742 349 1743 ⁷
387 1731 416 1767 §-
438 1738 467 1768 5·
509 1732 555 1762 De
574 1733 633 1770 ejus
649 1733 801 1762 conatibus
821 1734 851 1763 In
865 1733 941 1762 veris
968 1733 1080 1771 Legum
1105 1733 1247 1771 capitibus
1266 1742 1281 1762 a
1302 1733 1382 1762 falsis
1408 1731 1635 1770 distinguendis,
1657 1740 1684 1763 et
1706 1732 1796 1763 omis-

555 1783 594 1812 sis
614 1793 648 1812 ex
675 1784 844 1821 antiquitate
872 1785 1026 1821 eruendis,
1057 1785 1086 1814 iu
1108 1783 1338 1822 corruptior-ibus
1367 1784 1490 1821 denique
1514 1781 1689 1824 conjecturis
1714 1785 1796 1815 resti·

557 1835 685 1864 tuendis.
1240 1839 1245 1846 ³
1367 1837 1371 1839 ”

386 1887 416 1922 §.
440 1887 469 1915 6.
512 1886 556 1914 De
575 1885 685 1922 Legum
704 1887 799 1916 verbis
827 1887 1069 1928 legitimifficum
1098 1889 1175 1925 apud
1201 1896 1333 1919 auctores
1358 1894 1501 1918 exstarent
1519 1896 1553 1917 ex
1575 1887 1610 1917 iis
1632 1886 1744 1916 relatise
1768 1886 1793 1915 si

557 1947 616 1966 non
636 1939 788 1974 adessent,
808 1940 842 1968 ad
856 1938 1071 1969 similitudinem
1093 1945 1268 1969 coeterarum
1285 1939 1397 1967 affictis.
1441 1976 1443 1978 q

389 1987 419 2022 §—
442 1995 470 2022 7-
512 1988 556 2016 De
573 1989 705 2024 pluribus
724 1990 964 2027 explicationibus
984 2000 1012 2022 et
1032 1991 1273 2023 illustrationibus
1296 1990 1408 2028 egregie
1425 1993 1459 2020 ab
1477 1999 1511 2020 eo
1529 1989 1625 2020 factis.

1652 2130 1790 2161 CAPUT
