1930 2448
373 110 603 150 RasaoNsio
642 126 685 150 Α»
719 111 1034 157 QUAESTIONEM
1071 114 1315 153 CHEMICAM.
1599 135 1615 164 5

97 205 171 236 enim
188 204 280 234 dulcis
301 210 364 240 est,
386 209 496 232 tantum
517 203 630 239 quando
655 205 714 241 agri
737 204 822 234 nimis
837 203 970 232 exsiccati
992 211 1083 240 sunt,
1102 215 1174 241 aqua
1199 207 1304 236 matina
1328 206 1474 236 emissario
1494 210 1608 238 recluso

93 257 204 287 intrare
218 263 336 294 potest,
360 256 438 291 quod
452 263 544 285 tamen
561 265 619 285 non
636 265 720 293 saepe
736 256 868 291 obtinet,
891 255 1014 290 ideoque
1029 255 1114 284 facile
1133 257 1324 294 intelligitur,
1346 267 1447 295 aquam
1466 261 1559 296 stagni
1576 261 1610 290 dc

96 310 203 344 lVaal,
229 308 296 337 licet
314 307 455 335 interdum
473 307 598 336 subsalsi
618 307 730 344 saporis
752 316 814 335 esse
834 306 947 342 possit,
965 313 1098 342 tanquam
1120 317 1222 343 aquam
1242 310 1353 338 dulcem
1373 311 1608 342 considerandam

94 369 175 394 esse,
193 359 259 395 quia
276 359 369 395 pisces
388 365 416 387 et
434 360 579 386 moluscae
600 367 671 394 quae
686 358 714 387 in
732 366 833 395 stagno
845 358 1031 387 inveniuntur
1044 380 1055 395 ,
1077 367 1146 388 sunt
1163 369 1300 396 aquarum
1318 362 1445 391 dulcium
1473 363 1605 400 incolae3

96 419 124 442 et
145 412 263 447 insuper
285 412 340 449 jam
358 420 391 439 ex
406 412 467 448 ejus
485 410 541 438 situ
564 410 675 439 abunde
696 417 774 447 patet
789 418 920 447 stagnum
940 419 954 439 a
972 411 1041 438 mari
1064 418 1223 447 separatum
1246 421 1319 442 esse.
1360 414 1394 442 In
1413 414 1491 443 dicto
1508 423 1610 452 stagno

92 463 239 494 invenitur
254 471 374 491 acervus
390 462 516 497 lapidum
535 461 563 490 in
582 462 693 498 aggeris
708 461 829 490 formam
851 469 1084 491 coacervatorum
1104 461 1154 497 qui
1173 463 1207 490 ad
1227 472 1425 500 argumentum
1449 466 1535 503 hujus
1552 466 1611 495 dis·-

89 515 256 546 sertationis
272 513 415 550 pertinent
426 535 436 549 ,
458 514 559 542 horum
572 512 613 542 illi
626 514 675 549 qui
693 523 779 550 supra
790 522 891 549 aquam
908 513 1095 542 inveniuntur
1108 513 1195 542 albidi
1210 521 1278 543 sunt
1296 516 1403 544 coloris
1422 524 1450 545 et
1462 524 1609 554 aspectum

87 566 195 595 habent
209 567 269 603 ejtis
287 564 337 600 qui
352 564 505 593 dilineatus
521 571 564 593 est
577 573 592 593 a
613 565 694 594 C'lar.
712 565 756 593 Le
776 566 901 601 Francq.
923 575 978 595 van
993 566 1127 602 Berkhey
1143 566 1158 603 (
1172 575 1184 595 1
1200 568 1214 601 )
1234 573 1261 594 et
1272 567 1335 603 tab.
1348 568 1401 596 III.
1424 569 1474 605 fig.
1493 579 1520 599 1.
1531 590 1542 606 ‚
1564 571 1608 600 illi

88 625 182 647 autem
205 617 255 652 qui
274 623 410 653 teguntur
424 625 497 652 aqua
515 616 655 645 subviridi
675 624 743 646 sunt
762 618 870 646 coloris
890 625 1049 652 eorumque
1067 617 1184 645 maxima
1203 626 1268 654 pars
1293 619 1509 655 superficierum
1539 623 1611 660 tegi·

91 675 140 697 tur
159 676 280 704 corpore
308 667 462 704 singulari,
489 668 626 704 spongiae
645 667 765 697 formam
790 676 818 697 et
842 670 968 698 colorem
992 669 1133 704 habente,
1155 669 1198 697 uti
1221 677 1298 706 patet
1318 671 1440 702 tab.IIL
1465 673 1513 710 fig*
1527 683 1558 710 4.

128 720 193 749 Hos
213 720 288 748 inter
313 718 421 755 lapides
434 740 444 754 ,
467 726 494 747 et
512 719 541 747 in
559 719 640 755 poris
668 729 783 755 eorum,
806 729 906 757 magna
927 720 1010 756 copia
1031 720 1248 749 Gammarorum
1274 722 1400 758 pulicum
1429 724 1498 760 (2)
1528 725 1609 755 inve.

88 772 178 801 nitur.
219 772 254 799 ln
277 770 378 811 stagni
397 769 488 798 fundo
514 778 573 798 non
600 772 687 807 longe
711 771 748 799 ab
772 781 875 801 acervo
901 781 1002 808 magna
1022 772 1105 808 copia
1119 773 1222 801 horum
1241 773 1365 809 lapidum
1387 776 1534 811 occurrit,
1556 776 1605 812 qui

87 831 187 852 omnes
212 822 333 850 formam
358 821 565 849 subrotundam
591 822 749 857 praebent,
771 823 920 852 nonnullis
946 823 975 852 in
996 823 1069 852 locis
1093 824 1120 852 hi
1141 824 1250 859 lapides
1269 831 1362 852 tantae
1380 834 1448 854 sunt
1464 828 1605 864 magnitu-

85 873 181 908 dinis,
203 874 250 902 vel
271 878 420 908 tantopere
444 872 591 907 concreti,
614 880 646 901 ut
666 873 726 901 sere
742 883 843 910 rupem
868 874 995 902 formare
1008 875 1175 911 videantur,
1199 875 1304 911 passim
1323 875 1396 904 inter
1415 886 1464 906 eos
1483 879 1529 906 alii
1552 888 1603 907 oc-

83 931 204 953 currunt
234 923 328 952 forma
347 923 436 959 magis
458 923 599 960 regulari,
629 930 662 953 ut
687 924 735 953 ille
760 925 809 961 qui
833 935 847 953 a
873 926 952 954 Clar.
984 925 1027 953 Le
1048 926 1160 961 Francq
1190 935 1244 955 van
1274 928 1406 964 Berkhey
1441 929 1598 959 delineatus

84 982 129 1004 est
147 975 234 1012 (g),
264 981 292 1003 et
311 973 369 1001 tab.
385 974 420 1002 ΙΙ.
443 973 491 1010 fig.
516 983 531 1009 3
545 981 572 1002 et
584 984 636 1010 4.,
659 975 708 1010 qui
728 984 826 1004 omnes
843 977 947 1004 nucleo
969 976 1065 1012 ligneo
1092 976 1211 1012 praediti
1233 984 1310 1007 sunt.

120 1026 196 1062 Ripa
213 1025 307 1061 stagni
330 1023 439 1059 ubique
463 1025 600 1054 arundine
623 1025 744 1062 aliisque
764 1026 870 1062 plantis
896 1034 938 1055 est
957 1026 1149 1062 circumdata,
1173 1028 1271 1056 harum
1291 1029 1418 1058 omnium
1438 1032 1597 1066 plantarum

81 1078 178 1123 caules
195 1073 432 1105 incrustationem
453 1076 612 1111 praebent,
634 1085 649 1105 a
668 1077 821 1113 superficie
845 1087 936 1114 aquae
954 1077 1015 1106 fere
1032 1087 1125 1114 usque
1142 1079 1176 1107 ad
1199 1078 1333 1110 fundum.
1374 1081 1492 1111 Fundus
1508 1084 1603 1120 stagni

82 1135 127 1157 est
144 1135 305 1161 arenosus,
327 1128 378 1156 sed
401 1136 530 1164 magnam
553 1128 665 1164 copiam
691 1128 750 1157 fimi
770 1129 917 1165 continet3
941 1138 1083 1165 nusquam
1107 1129 1137 1158 in
1167 1137 1268 1166 stagno
1295 1130 1403 1161 fundus
1429 1133 1535 1162 densus
1557 1135 1600 1163 in-

79 1179 196 1207 venitur
222 1177 277 1207 nisi
300 1178 330 1206 in
355 1180 421 1207 loco
440 1179 490 1207 ubi
509 1188 629 1207 acervus
656 1179 838 1210 observatur.

120 1228 201 1258 Haec
225 1222 372 1257 sufficiunt
390 1235 423 1258 ut
444 1236 538 1258 cetera
561 1229 779 1267 intelligantur,
803 1238 831 1260 et
852 1239 885 1260 ut
906 1239 998 1261 status
1014 1232 1071 1260 loci
1089 1239 1305 1269 cognoscatur3
1329 1234 1428 1269 paucis
1445 1235 1538 1264 adhuc
1559 1236 1600 1265 vi-

81 1280 197 1309 deamus
209 1299 219 1312 ,
243 1277 314 1314 quid
330 1278 364 1306 de
383 1279 428 1306 his
449 1279 707 1310 incrustationibus
724 1282 903 1318 scripserunt
921 1282 1025 1311 diversi
1043 1291 1188 1312 auctores.

81 1330 85 1334 '
115 1331 198 1359 Clar.
220 1329 312 1357 Pallas
327 1329 399 1357 hanc
417 1329 652 1359 incrustationem
671 1333 790 1360 credidit
807 1342 869 1361 esse
887 1334 1043 1361 Escharam
1059 1336 1264 1363 crustulentam
1283 1336 1320 1372 (4
1333 1337 1368 1373 ),
1390 1338 1520 1374 adeoque
1539 1339 1597 1367 ori-

81 1380 157 1418 ginis
177 1379 295 1408 omnino
314 1379 455 1408 anImalis.
497 1381 576 1410 Clar.
597 1380 642 1409 Le
661 1382 775 1418 Francq
795 1392 849 1413 van
870 1384 1004 1420 sserkhey
1020 1385 1074 1412 hos
1091 1385 1199 1420 lapides
1216 1386 1333 1415 formari
1354 1391 1486 1424 putavit,
1509 1391 1601 1426 parti-

78 1430 154 1461 culls
177 1430 335 1467 argillaceis
363 1439 434 1465 quae
459 1439 595 1466 aquarum
620 1440 700 1461 motu
728 1433 757 1462 in
781 1435 868 1462 altum
898 1436 1060 1470 tolluntur,
1083 1436 1253 1472 tandemque
1277 1438 1370 1466 denuo
1392 1439 1546 1469 subsidunt
1567 1449 1595 1470 et

77 1489 288 1515 concrescunt;
311 1480 448 1515 originem
469 1490 537 1518 ergo
553 1483 656 1512 horum
674 1484 801 1520 lapidum
820 1485 920 1513 statuit
943 1494 1012 1514 essev
1031 1487 1151 1516 omnino
1173 1488 1361 1517 mechanicam
1378 1489 1397 1526 ⁸(
1406 1494 1459 1525 5).

116 1533 164 1563 De
185 1531 230 1560 his
247 1530 399 1560 sententiis
415 1532 543 1561 nondum
562 1533 672 1571 dicam3
695 1542 776 1565 antea
795 1535 870 1566 enim
891 1545 967 1565 meas
992 1537 1086 1575 ipsius
1112 1539 1331 1568 observationes
1357 1541 1468 1571 tradere
1495 1542 1593 1580 cupio.

1527 1638 1597 1668 DE

110 1708 183 1744 (1)
210 1708 438 1742 Verhandelingen
458 1715 509 1735 van
532 1707 564 1735 de
587 1710 767 1737 Hollandsche
790 1713 976 1748 maatschappy
997 1722 1048 1740 van
1076 1715 1304 1749 wetenschappen
1323 1722 1348 1741 te
1369 1715 1500 1742 Haarlem.
1527 1722 1596 1741 tom.

75 1755 153 1784 VIII.
179 1763 246 1790 part.
270 1757 307 1783 11.
334 1757 386 1782 tab.
402 1756 424 1783 Ι.
443 1756 488 1788 fig.
499 1757 528 1783 F.

107 1802 179 1837 (2)
198 1804 350 1835 Descripsit
366 1805 530 1829 Gammarum
545 1805 659 1836 pulicem
677 1806 751 1832 clar.
768 1806 895 1833 Latreille
907 1826 915 1838 ‚
935 1808 961 1832 in
983 1808 1055 1833 libro
1065 1808 1108 1833 cui
1129 1808 1242 1833 titulus:
1263 1808 1367 1833 Genera
1387 1810 1588 1830 mustacem-um

74 1855 102 1876 et
123 1851 286 1876 insectorum
305 1856 369 1875 tom.
384 1849 407 1876 Ι.
425 1857 485 1882 pag.
502 1851 545 1882 58.
563 1851 663 1883 optime
678 1850 826 1878 delineatus
847 1860 887 1879 est
908 1854 1062 1879 Gammarus
1081 1855 1166 1886 pulex
1184 1862 1197 1879 a
1218 1854 1289 1878 Clar.
1309 1848 1456 1882 Geosfroy:
1476 1850 1589 1876 histoire

73 1895 120 1923 des
145 1898 261 1924 insectes
285 1903 348 1923 torn.
364 1897 400 1923 11.
427 1897 478 1924 tab.
502 1897 576 1923 XXI.
602 1897 647 1930 fig.
664 1898 690 1924 6.
710 1904 736 1924 et
759 1905 773 1923 a
793 1900 867 1926 Clar.
887 1900 1008 1926 Rossel:
1026 1900 1146 1926 Histoire
1171 1899 1217 1921 des
1232 1896 1358 1923 insectes.
1377 1902 1441 1922 tom.
1459 1896 1510 1923 111.
1536 1897 1587 1923 tab.

77 1940 149 1971 LXI.
173 1944 219 1976 fig.
241 1951 263 1971 ι.
282 1952 307 1969 2.
325 1944 351 1970 6.

104 1987 174 2023 (3)
204 1990 286 2015 Libro
312 1988 382 2016 laud.
409 1988 464 2015 ead.
492 1989 544 2016 tab.
567 1989 611 2021 fig.
631 1990 664 2016 E.
881 1991 946 2023 (4)
973 1990 1110 2015 Elenchus
1130 1989 1341 2021 Zoophitorum.
1367 1995 1425 2020 pag.
1443 1996 1486 2020 40.

103 2033 171 2068 (5)
196 2034 363 2068 Natuurlyke
383 2035 504 2061 Histoire
520 2036 630 2068 volgens
648 2036 693 2062 het
713 2038 855 2062 zamenstel
873 2044 921 2061 van
938 2037 1070 2062 Linnaeus
1085 2043 1111 2062 te
1131 2037 1216 2062 Amet.
1234 2036 1270 2067 by
1291 2034 1323 2059 de
1345 2035 1434 2060 Erven
1453 2035 1582 2062 Houttuln

71 2084 135 2107 tom.
152 2081 202 2108 111.
229 2089 258 2115 p.
274 2081 311 2108 11.
334 2090 362 2115 p.
381 2081 439 2113 269.
465 2087 493 2107 et
517 2081 557 2107 Le
576 2081 680 2115 Francq
698 2090 747 2108 van
765 2083 893 2116 Berkhey
912 2082 1068 2115 natuurlyke
1085 2082 1198 2108 historIe
1217 2089 1266 2108 van
1287 2080 1411 2107 Holland.

910 2139 978 2176 Aa
