1961 2438
708 98 1102 135 ‘'ORATIO.
1607 97 1651 133 23

219 195 279 229 Sed
300 201 331 228 et
353 201 430 228 tune
455 192 583 236 frigoris
612 189 766 223 acerbitas
789 188 881 221 illum
901 188 1067 231 prohibuit
1090 188 1227 219 invitum
1241 210 1252 227 ‚
1298 199 1337 220 ne
1367 190 1567 232 propositum
1589 200 1643 220 ex-

173 260 374 298 sequeretur,
396 258 428 283 et
449 261 538 282 nunc
557 247 656 281 eheu!
680 246 799 279 frustra
816 245 964 289 lugemus
992 257 1036 277 TA
1049 256 1156 277 mrum
1191 255 1261 277 vin
1274 255 1327 277 ΠΜ
1367 246 1551 278 mortalium
1569 256 1647 277 cou-

175 313 274 344 sortio
297 315 458 353 ereptum.

217 422 375 466 Equidem
405 429 638 453 swrurnmo
663 424 823 462 quantum
851 427 912 461 ego
936 415 1082 454 debeam,
1114 422 1151 447 ut
1183 415 1315 459 eloquar
1347 415 1444 448 verba
1475 414 1647 448 deficiunt!

176 483 258 516 hene
284 478 420 512 memori
445 488 532 510 meae
553 476 656 508 menti-
675 475 765 507 nulla
792 485 936 518 unquam
956 473 1106 516 subrepet
1135 472 1271 505 oblivio.

220 595 393 640 Quantum¹
421 601 498 623 vero
528 596 560 622 et
592 590 741 622 universa
774 587 947 632 disciplina*
981 586 1204 619 Mathematica
1239 597 1275 618 ac
1307 587 1458 630 Physica,
1490 593 1650 631 quantum

176 653 299 690 Patria,
324 655 483 693 quantum
510 653 626 680 cuncta
652 657 751 691 prope
774 647 905 689 Europa
931 644 979 675 illi
1003 642 1155 683 debeant,
1179 643 1239 687 qui*
1260 642 1407 675 docendo
1422 668 1430 683 ‚
1461 644 1652 684 scribendo,

178 706 394 746 consulendo,
428 704 575 749 agendo,
610 715 667 748 per
700 713 830 736 omnem
860 703 959 734 vitam
986 711 1155 744 nunquam
1183 699 1319 741 destitit,
1348 708 1384 733 ut
1419 701 1458 733 de
1495 701 1650 734 omnibus

174 778 274 812 quam
309 763 430 808 optime
466 767 660 799 mereretur,
694 760 728 792 id
755 771 834 792 vero
864 758 1101 790 immortalibus
1127 756 1261 789 efferens
1291 757 1440 790 laudibus
1474 758 1648 802 aliquando

176 824 312 867 explicet
336 827 578 853 swmnssulo
606 817 726 860 diguus
761 816 916 848 laudator.
970 816 1102 847 Interim
1133 822 1266 847 testatur
1290 816 1473 848 communis
1500 817 1650 848 omnium

175 881 303 918 luctus3
323 883 458 909 testatur
479 875 571 912 Viri,
596 873 685 918 quod
712 873 820 905 cuncti
845 873 1003 912 clamant,
1033 872 1248 913 desiderium3
1280 880 1436 906 testantur
1462 881 1508 906 tot
1532 886 1650 907 monu-

177 943 301 975 menta,
322 934 414 966 illius
435 932 619 977 praesertim
647 931 763 970 studii,
795 941 862 973 quo
895 940 962 961 rem
992 932 1154 961 nauticam
1184 940 1314 962 omnem
1339 936 1371 961 et
1398 931 1555 962 marinam
1576 938 1645 963 tan.

176 1000 287 1036 topere
311 990 494 1035 promovit;
521 994 653 1020 testatur
678 986 859 1031 ponderum
888 997 1177 1030 mensurarumque
1198 993 1356 1029 systema,
1384 998 1402 1019 a
1423 987 1552 1031 populis
1579 990 1646 1020 Eu-

176 1050 301 1092 ropaeis
327 1053 382 1079 aut
406 1045 472 1089 jam
503 1050 687 1088 receptum,
719 1049 774 1074 aut
799 1042 1038 1086 recipiendum,
1071 1044 1106 1074 iu
1132 1054 1199 1087 quo
1226 1051 1385 1087 quantum
1416 1053 1652 1078 sw1u1>EN11

175 1104 325 1150 inprimis
348 1102 506 1136 industria
528 1099 686 1141 effecerit,
710 1106 833 1133 norunt
857 1105 888 1132 et
916 1111 983 1132 uno
1009 1112 1064 1134 ore
1092 1107 1272 1145 agnoscunt
1299 1112 1423 1135 omues.

202 1214 282 1251 'Sed
308 1228 387 1250 vero
414 1218 490 1261 quis
527 1215 701 1260 imaginem
733 1213 843 1248 verbis
874 1215 1032 1260 exprimet
1071 1222 1128 1248 aut
1158 1215 1364 1249 adumbrabit
1399 1227 1653 1259 swrwnmvu,

178 1277 236 1321 qui
255 1274 499 1318 incomparabili
517 1273 708 1306 eruditionis
730 1274 823 1317 copia
841 1273 1033 1312 instructus,
1055 1273 1330 1316 perspicacissimo
1356 1273 1480 1317 ingenii
1500 1277 1649 1309 acumine

177 1334 311 1367 valensa
340 1331 397 1364 sed
421 1330 630 1370 moderatus,
664 1328 852 1369 modestus,
880 1330 1001 1371 facilis,
1023 1329 1197 1363 benevolus
1207 1340 1223 1361 τ’
1247 1337 1316 1362 tum
1340 1330 1496 1363 candidus
1520 1334 1655 1373 animo,

178 1390 290 1422 hilaris
318 1395 426 1421 mente
452 1388 632 1431 vultuque,
665 1387 812 1420 moribus
842 1393 874 1419 et
907 1387 1163 1431 elegantissimus
1185 1387 1303 1430 pariter
1324 1393 1357 1419 et
1374 1387 1651 1431 simplicissimus,

181 1446 378 1490 politissimis
405 1444 574 1476 abundans
600 1442 738 1482 facetiis,
763 1443 914 1487 idemque
933 1443 1215 1487 eloquentissimus
1233 1449 1266 1475 et
1286 1444 1368 1476 mire
1393 1445 1564 1488 perspicuo
1586 1457 1654 1479 ser-

175 1513 295 1535 mone:v
312 1501 368 1534 sed
395 1508 427 1533 et
454 1501 580 1544 sapiens
611 1506 644 1532 et
668 1502 745 1533 recti
776 1500 969 1545 honestique
1004 1512 1115 1533 amaus
1139 1512 1264 1545 semper
1291 1507 1386 1545 atque
1411 1503 1631 1535 tenacissimus
1641 1528 1661 1545 ,,

179 1561 301 1592 sincera
325 1559 360 1590 in
385 1560 491 1590 Deum
516 1558 631 1601 pietate
665 1568 761 1601 supra
784 1564 904 1589 sortem
937 1556 1002 1589 fere
1033 1558 1208 1590 humanam
1231 1558 1385 1602 positus:
1410 1559 1469 1602 qui
1495 1559 1594 1603 igitur
1618 1561 1659 1592 in*

181 1613 270 1646 hisce
291 1612 445 1645 omnibus
466 1615 509 1645 ita
527 1623 635 1645 secum
657 1613 822 1646 constabat
843 1625 969 1658 semper
989 1616 1024 1646 in
1049 1616 1139 1647 omni
1161 1617 1225 1647 vita
1245 1614 1438 1662 aequabilis!
1462 1623 1500 1649 ut
1520 1616 1565 1650 adr
1582 1628 1661 1662 per-r

180 1670 254 1704 fecti
276 1670 425 1703 hominis
438 1671 577 1714 speciem
601 1675 632 1702 et
657 1670 842 1716 exemplum
874 1671 921 1704 nil
948 1671 1056 1705 deesse
1081 1672 1265 1706 videretur.¹

884 1888 943 1942 Q:

1605 2108 1665 2149 A&
