1961 2438
336 133 355 165 8
701 127 944 162 SERIES
1012 125 1440 160 LECTIONUM.

1015 273 1116 284 ——

337 388 379 421 N.
418 389 458 421 G.
499 397 570 419 νΑΝ
604 386 845 425 ΚΑΜΡΕΝ,
875 385 970 416 Liter.
1000 385 1106 415 Germ.
1138 384 1270 422 Lector,
1307 386 1439 415 Poe'seos
1480 383 1685 415 Germanicae
1724 383 1799 426 Spe-

378 441 495 471 cimina
529 438 692 470 exhibebit
726 450 743 470 e
772 438 928 480 florilegio
969 448 1029 469 suo
1072 446 1148 467 mox
1182 435 1307 466 edendo
1322 459 1330 472 ,
1373 434 1583 477 (Hanclboelc
1604 434 1663 466 der
1682 436 1793 478 Hoog·

380 490 519 522 dmtsclze
540 490 776 533 Letlerkande)
790 514 799 529 ‚
833 489 945 521 diebus
967 488 1117 521 Mercurii
1139 494 1171 518 et
1193 489 1345 526 Veneris,
1371 488 1448 519 hora
1462 490 1517 521 lv.

424 543 627 574 Lectionibus
652 543 872 574 Grammaticis
894 542 1006 573 horam
1029 539 1241 572 Auditoribus
1270 547 1486 584 opportunam
1505 539 1638 572 ulterius
1655 540 1796 575 definiet.

339 596 378 629 C.
403 595 439 628 F.
462 594 627 626 RUPPE
641 617 652 633 ,
674 596 810 626 Musices
832 597 963 632 Lector,
988 594 1178 624 Harmoniae
1195 592 1403 625 fundamenta
1420 598 1451 623 et
1473 593 1630 636 principia
1655 593 1801 637 Compo-

383 647 506 678 sitionis
534 648 672 677 Musicae
693 647 836 687 docebit,
861 646 974 678 diebus
1003 648 1112 677 Lunae
1131 651 1163 676 et
1182 645 1290 683 Jovis,
1313 646 1390 677 hora
1410 647 1462 676 111.

339 697 380 732 D.
411 699 444 731 P.
469 697 736 732 HUMBERT
767 710 815 732 DE
845 698 1209 738 SUPERVILLE,
1241 699 1418 730 Literarum
1447 697 1629 731 Italicarum
1666 706 1699 731 et
1727 699 1802 731 Gal-

384 751 515 782 licarum
532 753 663 791 Lector,
688 753 744 784 has
767 753 873 783 literas
885 751 1003 791 tradet,
1027 752 1140 783 diebus
1155 753 1286 788 Lunae,
1310 750 1389 782 hora
1400 753 1424 783 I.
1443 758 1475 782 et
1486 753 1640 791 Veneris,
1656 751 1735 783 hora
1745 752 1801 783 lX.

424 803 512 835 Idem
541 805 575 835 in
608 804 736 836 illorum
768 807 920 847 gratiam,
951 806 1007 845 qui
1036 811 1134 836 artem
1160 803 1352 846 Graphicam
1379 802 1514 842 colunt,
1548 804 1618 848 ejus
1648 803 1805 836 theoriam

470 855 580 898 lingua
605 856 724 889 Gallica
749 865 909 900 exponet,
933 857 985 889 die
1009 858 1184 895 Mercurii,
1208 857 1287 888 hora
1303 856 1328 888 Ι.

423 908 495 941 ‘Alia
519 909 616 947 hora,
638 920 720 952 quae
741 909 910 940 commoda
928 909 1110 950 videbitur,
1133 911 1224 954 signa
1249 909 1462 952 Antiquarum
1481 915 1656 941 statuarum
1673 907 1806 943 Aesthe-

471 962 531 993 tice
564 962 743 995 illustrabit.

344 1014 385 1047 H.
420 1014 658 1056 TAYLOR,
681 1015 858 1047 Literarum
879 1015 1086 1060 Anglicarum
1110 1017 1246 1055 Lector,
1271 1015 1328 1047 has
1347 1014 1454 1047 literas
1481 1014 1600 1055 tradet,
1623 1014 1713 1047 horis
1731 1014 1807 1046 dein

389 1068 580 1100 indicandis.

345 1122 379 1154 P.
406 1121 436 1165 J.
466 1119 846 1160 UYLENBROEK,
879 1121 1010 1164 Discipl.
1033 1121 1131 1156 Math.
1153 1128 1185 1153 et
1205 1121 1329 1165 Physic.
1352 1124 1486 1161 Lector,
1512 1122 1686 1153 Historiam
1702 1122 1810 1152 Astro-

388 1175 514 1205 nomiae
544 1176 666 1205 Veteris
687 1180 718 1205 et
736 1174 834 1206 Medii
851 1177 920 1206 aevi
938 1181 1077 1218 exponet
1097 1173 1210 1206 diebus
1237 1181 1270 1206 et
1298 1175 1378 1207 locis
1398 1175 1548 1218 deinceps
1576 1173 1768 1208 indicandis,

346 1225 385 1257 E.
407 1225 448 1257 H.
472 1226 573 1257 EYF
585 1226 743 1265 FERT,
765 1227 971 1259 Academicus
994 1228 1209 1271 Equitationis
1234 1229 1405 1271 Magister,
1427 1232 1527 1259 artem
1550 1227 1716 1271 equitandi
1730 1238 1813 1272 quo-

388 1276 464 1308 tidie
493 1277 629 1312 docebit.

432 1329 599 1361 'theoriam
623 1333 698 1363 artis
719 1331 885 1374 equitandi
911 1338 1072 1376 exponet,
1102 1331 1154 1364 die
1176 1332 1280 1371 Jovis‚
1306 1332 1383 1364 hora
1406 1334 1440 1366 V.

348 1383 389 1415 G.
413 1383 827 1424 KNIPPENBERG,
857 1384 1063 1416 Academicus
1093 1386 1182 1418 Artis
1203 1385 1415 1419 Gladiatoriae
1447 1385 1616 1429 Magister,
1643 1390 1753 1428 aptum
1781 1388 1813 1415 et

391 1436 568 1480 elegantem
595 1436 692 1479 gladii
713 1447 808 1470 usum
832 1437 976 1480 quotidie
999 1437 1136 1474 docebit.

1064 1686 1116 1738 ,g

1689 2060 1828 2096 ACTA
