<?xml version="1.0" encoding="UTF-8"?>
<!DOCTYPE html PUBLIC "-//W3C//DTD XHTML 1.0 Transitional//EN"
    "http://www.w3.org/TR/xhtml1/DTD/xhtml1-transitional.dtd">
<html xmlns="http://www.w3.org/1999/xhtml" xml:lang="en" lang="en">
 <head>
  <title>
</title>
<meta http-equiv="Content-Type" content="text/html;charset=utf-8" />
  <meta name='ocr-system' content='tesseract 3.04.00' />
  <meta name='ocr-capabilities' content='ocr_page ocr_carea ocr_par ocr_line ocrx_word'/>
</head>
<body>
  <div class='ocr_page' id='page_1' title='image "annalesacademiae22rijk_0345.png"; bbox 0 0 1930 2448; ppageno 0'>
   <div class='ocr_carea' id='block_1_1' title="bbox 194 53 1607 100">
    <p class='ocr_par' dir='ltr' id='par_1_1' title="bbox 194 53 1607 100">
     <span class='ocr_line' id='line_1_1' title="bbox 194 53 1607 100; baseline -0.007 -9"><span class='ocrx_word' id='word_1_1' title='bbox 194 57 452 91; x_wconf 84' lang='lat' dir='ltr'>RESPONSUM</span> <span class='ocrx_word' id='word_1_2' title='bbox 471 67 515 90; x_wconf 80' lang='lat' dir='ltr'>Al&gt;</span> <span class='ocrx_word' id='word_1_3' title='bbox 535 56 845 100; x_wconf 81' lang='lat' dir='ltr'><strong>QUAESTIONEM</strong></span> <span class='ocrx_word' id='word_1_4' title='bbox 865 53 1508 89; x_wconf 83' lang='lat' dir='ltr'>PHILOSOPHICo-THEORETICAM.</span> <span class='ocrx_word' id='word_1_5' title='bbox 1572 59 1607 82; x_wconf 86' lang='lat'>11</span> 
     </span>
    </p>
   </div>
   <div class='ocr_carea' id='block_1_2' title="bbox 88 136 1615 686">
    <p class='ocr_par' dir='ltr' id='par_1_2' title="bbox 88 136 1615 686">
     <span class='ocr_line' id='line_1_2' title="bbox 88 136 1606 179; baseline -0.008 -4"><span class='ocrx_word' id='word_1_6' title='bbox 88 144 196 175; x_wconf 41' lang='lat' dir='ltr'>»tulisse</span> <span class='ocrx_word' id='word_1_7' title='bbox 221 144 346 173; x_wconf 88' lang='lat' dir='ltr'>videtur.</span> <span class='ocrx_word' id='word_1_8' title='bbox 387 142 444 171; x_wconf 85' lang='lat' dir='ltr'>Sed</span> <span class='ocrx_word' id='word_1_9' title='bbox 469 143 560 177; x_wconf 85' lang='lat' dir='ltr'>palam</span> <span class='ocrx_word' id='word_1_10' title='bbox 591 149 654 179; x_wconf 89' lang='lat' dir='ltr'>est,</span> <span class='ocrx_word' id='word_1_11' title='bbox 677 151 740 172; x_wconf 86' lang='lat' dir='ltr'>eum</span> <span class='ocrx_word' id='word_1_12' title='bbox 767 151 827 172; x_wconf 89' lang='lat' dir='ltr'>non</span> <span class='ocrx_word' id='word_1_13' title='bbox 852 149 908 171; x_wconf 88' lang='lat' dir='ltr'>tam</span> <span class='ocrx_word' id='word_1_14' title='bbox 935 151 980 171; x_wconf 89' lang='lat' dir='ltr'>res</span> <span class='ocrx_word' id='word_1_15' title='bbox 1006 148 1151 176; x_wconf 86' lang='lat' dir='ltr'>mutasse,</span> <span class='ocrx_word' id='word_1_16' title='bbox 1175 148 1259 176; x_wconf 82' lang='lat' dir='ltr'>quam</span> <span class='ocrx_word' id='word_1_17' title='bbox 1289 139 1376 170; x_wconf 62' lang='lat' dir='ltr'>verba</span> <span class='ocrx_word' id='word_1_18' title='bbox 1398 137 1502 166; x_wconf 87' lang='lat' dir='ltr'>usitata</span> <span class='ocrx_word' id='word_1_19' title='bbox 1525 136 1606 168; x_wconf 87' lang='lat' dir='ltr'>dese-</span> 
     </span>
     <span class='ocr_line' id='line_1_3' title="bbox 97 189 1611 232; baseline -0.007 -6"><span class='ocrx_word' id='word_1_20' title='bbox 97 197 202 226; x_wconf 86' lang='lat' dir='ltr'>ruisse.</span> <span class='ocrx_word' id='word_1_21' title='bbox 236 205 307 232; x_wconf 83' lang='lat' dir='ltr'>quae</span> <span class='ocrx_word' id='word_1_22' title='bbox 334 194 408 223; x_wconf 90' lang='lat' dir='ltr'>enim</span> <span class='ocrx_word' id='word_1_23' title='bbox 435 195 490 223; x_wconf 82' lang='lat' dir='ltr'>alia</span> <span class='ocrx_word' id='word_1_24' title='bbox 513 201 572 223; x_wconf 89' lang='lat' dir='ltr'>erat</span> <span class='ocrx_word' id='word_1_25' title='bbox 598 195 727 224; x_wconf 83' lang='lat' dir='ltr'>Zenonis</span> <span class='ocrx_word' id='word_1_26' title='bbox 754 194 904 229; x_wconf 77' lang='lat' dir='ltr'>docti-Ina,</span> <span class='ocrx_word' id='word_1_27' title='bbox 939 192 994 222; x_wconf 91' lang='lat' dir='ltr'>nisi</span> <span class='ocrx_word' id='word_1_28' title='bbox 1023 201 1054 221; x_wconf 69' lang='lat' dir='ltr'>ez</span> <span class='ocrx_word' id='word_1_29' title='bbox 1084 201 1150 221; x_wconf 82' lang='lat' dir='ltr'>vera</span> <span class='ocrx_word' id='word_1_30' title='bbox 1177 191 1307 222; x_wconf 82' lang='lat' dir='ltr'>habenda</span> <span class='ocrx_word' id='word_1_31' title='bbox 1335 199 1397 219; x_wconf 87' lang='lat' dir='ltr'>esse</span> <span class='ocrx_word' id='word_1_32' title='bbox 1421 189 1505 222; x_wconf 81' lang='lat' dir='ltr'>visa,</span> <span class='ocrx_word' id='word_1_33' title='bbox 1540 195 1611 223; x_wconf 86' lang='lat' dir='ltr'>quae</span> 
     </span>
     <span class='ocr_line' id='line_1_4' title="bbox 97 238 1610 282; baseline -0.008 -4"><span class='ocrx_word' id='word_1_34' title='bbox 97 257 181 279; x_wconf 86' lang='lat' dir='ltr'>sanae</span> <span class='ocrx_word' id='word_1_35' title='bbox 207 247 293 276; x_wconf 88' lang='lat' dir='ltr'>menti</span> <span class='ocrx_word' id='word_1_36' title='bbox 316 246 481 275; x_wconf 74' lang='lat' dir='ltr'>naturaliter</span> <span class='ocrx_word' id='word_1_37' title='bbox 508 253 536 274; x_wconf 88' lang='lat' dir='ltr'>et</span> <span class='ocrx_word' id='word_1_38' title='bbox 565 252 669 282; x_wconf 87' lang='lat' dir='ltr'>sponte</span> <span class='ocrx_word' id='word_1_39' title='bbox 696 247 748 274; x_wconf 68' lang='lat' dir='ltr'>sua</span> <span class='ocrx_word' id='word_1_40' title='bbox 772 244 958 281; x_wconf 74' lang='lat' dir='ltr'>probentur?</span> <span class='ocrx_word' id='word_1_41' title='bbox 1001 243 1078 272; x_wconf 89' lang='lat' dir='ltr'>Hinc</span> <span class='ocrx_word' id='word_1_42' title='bbox 1106 243 1152 271; x_wconf 88' lang='lat' dir='ltr'>alii</span> <span class='ocrx_word' id='word_1_43' title='bbox 1176 252 1210 271; x_wconf 86' lang='lat' dir='ltr'>ex</span> <span class='ocrx_word' id='word_1_44' title='bbox 1237 238 1287 271; x_wconf 63' lang='lat' dir='ltr'>illa</span> <span class='ocrx_word' id='word_1_45' title='bbox 1319 242 1421 271; x_wconf 70' lang='lat' dir='ltr'>schola</span> <span class='ocrx_word' id='word_1_46' title='bbox 1447 248 1540 269; x_wconf 82' lang='lat' dir='ltr'>rectae</span> <span class='ocrx_word' id='word_1_47' title='bbox 1565 247 1610 267; x_wconf 91' lang='lat' dir='ltr'>ra-</span> 
     </span>
     <span class='ocr_line' id='line_1_5' title="bbox 96 289 1611 332; baseline -0.007 -4"><span class='ocrx_word' id='word_1_48' title='bbox 96 299 169 328; x_wconf 84' lang='lat' dir='ltr'>tioni</span> <span class='ocrx_word' id='word_1_49' title='bbox 195 297 256 327; x_wconf 89' lang='lat' dir='ltr'>veri</span> <span class='ocrx_word' id='word_1_50' title='bbox 284 297 448 326; x_wconf 87' lang='lat' dir='ltr'>tribuebant</span> <span class='ocrx_word' id='word_1_51' title='bbox 468 297 615 326; x_wconf 87' lang='lat' dir='ltr'>iudicium.</span> <span class='ocrx_word' id='word_1_52' title='bbox 657 294 728 326; x_wconf 84' lang='lat' dir='ltr'>Non</span> <span class='ocrx_word' id='word_1_53' title='bbox 756 306 856 326; x_wconf 80' lang='lat' dir='ltr'>caussa</span> <span class='ocrx_word' id='word_1_54' title='bbox 880 296 966 332; x_wconf 87' lang='lat' dir='ltr'>igitur</span> <span class='ocrx_word' id='word_1_55' title='bbox 987 294 1046 323; x_wconf 84' lang='lat' dir='ltr'>fuit</span> <span class='ocrx_word' id='word_1_56' title='bbox 1068 294 1262 330; x_wconf 80' lang='lat' dir='ltr'>Chrysippo,</span> <span class='ocrx_word' id='word_1_57' title='bbox 1284 302 1335 321; x_wconf 93' lang='lat' dir='ltr'>cur</span> <span class='ocrx_word' id='word_1_58' title='bbox 1359 292 1388 321; x_wconf 93' lang='lat' dir='ltr'>in</span> <span class='ocrx_word' id='word_1_59' title='bbox 1412 293 1464 321; x_wconf 86' lang='lat' dir='ltr'>hac</span> <span class='ocrx_word' id='word_1_60' title='bbox 1482 289 1611 326; x_wconf 83' lang='lat' dir='ltr'>discipli-</span> 
     </span>
     <span class='ocr_line' id='line_1_6' title="bbox 95 342 1613 385; baseline -0.007 -6"><span class='ocrx_word' id='word_1_61' title='bbox 95 358 147 380; x_wconf 76' lang='lat' dir='ltr'>nae</span> <span class='ocrx_word' id='word_1_62' title='bbox 169 355 249 385; x_wconf 84' lang='lat' dir='ltr'>parte</span> <span class='ocrx_word' id='word_1_63' title='bbox 272 354 300 377; x_wconf 88' lang='lat' dir='ltr'>et</span> <span class='ocrx_word' id='word_1_64' title='bbox 323 349 358 376; x_wconf 94' lang='lat' dir='ltr'>ab</span> <span class='ocrx_word' id='word_1_65' title='bbox 378 348 443 385; x_wconf 89' lang='lat' dir='ltr'>ipso</span> <span class='ocrx_word' id='word_1_66' title='bbox 467 355 604 384; x_wconf 83' lang='lat' dir='ltr'>zenone,</span> <span class='ocrx_word' id='word_1_67' title='bbox 628 355 656 377; x_wconf 89' lang='lat' dir='ltr'>et</span> <span class='ocrx_word' id='word_1_68' title='bbox 682 357 697 377; x_wconf 90' lang='lat' dir='ltr'>a</span> <span class='ocrx_word' id='word_1_69' title='bbox 715 347 913 384; x_wconf 87' lang='lat' dir='ltr'>superioribus</span> <span class='ocrx_word' id='word_1_70' title='bbox 937 346 1100 375; x_wconf 80' lang='lat' dir='ltr'>dissideret.</span> <span class='ocrx_word' id='word_1_71' title='bbox 1143 345 1330 374; x_wconf 87' lang='lat' dir='ltr'>Cuicuimodi</span> <span class='ocrx_word' id='word_1_72' title='bbox 1351 344 1408 378; x_wconf 83' lang='lat' dir='ltr'>sit,</span> <span class='ocrx_word' id='word_1_73' title='bbox 1430 343 1476 372; x_wconf 83' lang='lat' dir='ltr'>hic</span> <span class='ocrx_word' id='word_1_74' title='bbox 1496 342 1613 378; x_wconf 85' lang='lat' dir='ltr'>quidem</span> 
     </span>
     <span class='ocr_line' id='line_1_7' title="bbox 96 393 1615 437; baseline -0.007 -6"><span class='ocrx_word' id='word_1_75' title='bbox 96 401 283 437; x_wconf 77' lang='lat' dir='ltr'>Chrysippus</span> <span class='ocrx_word' id='word_1_76' title='bbox 318 400 371 428; x_wconf 88' lang='lat' dir='ltr'>tria</span> <span class='ocrx_word' id='word_1_77' title='bbox 403 400 475 429; x_wconf 84' lang='lat' dir='ltr'>dixit</span> <span class='ocrx_word' id='word_1_78' title='bbox 507 409 569 429; x_wconf 89' lang='lat' dir='ltr'>esse</span> <span class='ocrx_word' id='word_1_79' title='bbox 598 408 693 428; x_wconf 90' lang='lat' dir='ltr'>rerum</span> <span class='ocrx_word' id='word_1_80' title='bbox 720 398 842 434; x_wconf 83' lang='lat' dir='ltr'>iudicia,</span> <span class='ocrx_word' id='word_1_81' title='bbox 870 408 1001 434; x_wconf 79' lang='lat' dir='ltr'>sensum,</span> <span class='ocrx_word' id='word_1_82' title='bbox 1033 398 1201 432; x_wconf 81' lang='lat' dir='ltr'>scientiam,</span> <span class='ocrx_word' id='word_1_83' title='bbox 1231 403 1259 424; x_wconf 91' lang='lat' dir='ltr'>et</span> <span class='ocrx_word' id='word_1_84' title='bbox 1285 397 1528 433; x_wconf 76' lang='lat' dir='ltr'>anticipationem.</span> <span class='ocrx_word' id='word_1_85' title='bbox 1571 393 1615 421; x_wconf 83' lang='lat' dir='ltr'>Ita</span> 
     </span>
     <span class='ocr_line' id='line_1_8' title="bbox 95 444 1612 488; baseline -0.005 -7"><span class='ocrx_word' id='word_1_86' title='bbox 95 458 172 485; x_wconf 70' lang='lat' dir='ltr'>certe</span> <span class='ocrx_word' id='word_1_87' title='bbox 193 451 293 480; x_wconf 83' lang='lat' dir='ltr'>Suidas</span> <span class='ocrx_word' id='word_1_88' title='bbox 314 451 344 480; x_wconf 87' lang='lat' dir='ltr'>in</span> <span class='ocrx_word' id='word_1_89' title='bbox 369 460 441 480; x_wconf 88' lang='lat' dir='ltr'>voce</span> <span class='ocrx_word' id='word_1_90' title='bbox 469 453 614 488; x_wconf 71' lang='grc' dir='ltr'><strong><em>πρόληψις.</em></strong></span> <span class='ocrx_word' id='word_1_91' title='bbox 654 451 790 479; x_wconf 77' lang='lat' dir='ltr'>Laertius</span> <span class='ocrx_word' id='word_1_92' title='bbox 813 459 921 478; x_wconf 77' lang='lat' dir='ltr'>sensum</span> <span class='ocrx_word' id='word_1_93' title='bbox 947 457 974 478; x_wconf 90' lang='lat' dir='ltr'>et</span> <span class='ocrx_word' id='word_1_94' title='bbox 992 451 1224 488; x_wconf 79' lang='lat' dir='ltr'>anticipationem</span> <span class='ocrx_word' id='word_1_95' title='bbox 1248 446 1445 475; x_wconf 86' lang='lat' dir='ltr'>tantummodo</span> <span class='ocrx_word' id='word_1_96' title='bbox 1471 444 1612 474; x_wconf 81' lang='lat' dir='ltr'>nominat.</span> 
     </span>
     <span class='ocr_line' id='line_1_9' title="bbox 93 496 1615 538; baseline -0.004 -7"><span class='ocrx_word' id='word_1_97' title='bbox 93 503 194 538; x_wconf 80' lang='lat' dir='ltr'>Itaque</span> <span class='ocrx_word' id='word_1_98' title='bbox 219 504 266 532; x_wconf 88' lang='lat' dir='ltr'>vel</span> <span class='ocrx_word' id='word_1_99' title='bbox 288 504 423 531; x_wconf 82' lang='lat' dir='ltr'>alteruter</span> <span class='ocrx_word' id='word_1_100' title='bbox 440 502 570 538; x_wconf 84' lang='lat' dir='ltr'>fallitur,</span> <span class='ocrx_word' id='word_1_101' title='bbox 592 503 639 531; x_wconf 86' lang='lat' dir='ltr'>vel</span> <span class='ocrx_word' id='word_1_102' title='bbox 657 502 796 531; x_wconf 69' lang='lat' dir='ltr'>Laertius</span> <span class='ocrx_word' id='word_1_103' title='bbox 820 511 855 531; x_wconf 80' lang='lat' dir='ltr'>ex</span> <span class='ocrx_word' id='word_1_104' title='bbox 879 502 968 531; x_wconf 68' lang='lat' dir='ltr'>Suida</span> <span class='ocrx_word' id='word_1_105' title='bbox 989 509 1033 531; x_wconf 89' lang='lat' dir='ltr'>est</span> <span class='ocrx_word' id='word_1_106' title='bbox 1059 499 1272 529; x_wconf 83' lang='lat' dir='ltr'>emendandus:</span> <span class='ocrx_word' id='word_1_107' title='bbox 1294 498 1343 526; x_wconf 89' lang='lat' dir='ltr'>cui</span> <span class='ocrx_word' id='word_1_108' title='bbox 1371 496 1525 533; x_wconf 81' lang='lat' dir='ltr'>posteriori</span> <span class='ocrx_word' id='word_1_109' title='bbox 1546 504 1615 525; x_wconf 90' lang='lat' dir='ltr'>con·</span> 
     </span>
     <span class='ocr_line' id='line_1_10' title="bbox 93 546 1613 590; baseline -0.006 -7"><span class='ocrx_word' id='word_1_110' title='bbox 93 554 217 583; x_wconf 78' lang='lat' dir='ltr'>iecturae</span> <span class='ocrx_word' id='word_1_111' title='bbox 239 554 311 582; x_wconf 88' lang='lat' dir='ltr'>illud</span> <span class='ocrx_word' id='word_1_112' title='bbox 329 553 425 583; x_wconf 81' lang='lat' dir='ltr'>favere</span> <span class='ocrx_word' id='word_1_113' title='bbox 449 554 584 589; x_wconf 86' lang='lat' dir='ltr'>videtur,</span> <span class='ocrx_word' id='word_1_114' title='bbox 609 554 690 590; x_wconf 88' lang='lat' dir='ltr'>quod</span> <span class='ocrx_word' id='word_1_115' title='bbox 715 553 817 583; x_wconf 87' lang='lat' dir='ltr'>Suidas</span> <span class='ocrx_word' id='word_1_116' title='bbox 840 554 870 583; x_wconf 93' lang='lat' dir='ltr'>in</span> <span class='ocrx_word' id='word_1_117' title='bbox 887 553 1044 588; x_wconf 86' lang='lat' dir='ltr'>omnibus,</span> <span class='ocrx_word' id='word_1_118' title='bbox 1070 561 1142 588; x_wconf 87' lang='lat' dir='ltr'>quae</span> <span class='ocrx_word' id='word_1_119' title='bbox 1167 552 1201 580; x_wconf 84' lang='lat' dir='ltr'>de</span> <span class='ocrx_word' id='word_1_120' title='bbox 1217 548 1471 585; x_wconf 81' lang='lat' dir='ltr'>anticipationibus</span> <span class='ocrx_word' id='word_1_121' title='bbox 1504 546 1613 582; x_wconf 83' lang='lat' dir='ltr'>refert,</span> 
     </span>
     <span class='ocr_line' id='line_1_11' title="bbox 90 598 1614 642; baseline -0.005 -8"><span class='ocrx_word' id='word_1_122' title='bbox 90 605 191 636; x_wconf 74' lang='lat' dir='ltr'>iisdem</span> <span class='ocrx_word' id='word_1_123' title='bbox 214 606 298 641; x_wconf 86' lang='lat' dir='ltr'>plane</span> <span class='ocrx_word' id='word_1_124' title='bbox 322 613 387 633; x_wconf 89' lang='lat' dir='ltr'>cum</span> <span class='ocrx_word' id='word_1_125' title='bbox 410 605 529 634; x_wconf 66' lang='lat' dir='ltr'>Laertio</span> <span class='ocrx_word' id='word_1_126' title='bbox 552 605 650 635; x_wconf 82' lang='lat' dir='ltr'>verbis</span> <span class='ocrx_word' id='word_1_127' title='bbox 673 612 791 642; x_wconf 79' lang='lat' dir='ltr'>utatur,</span> <span class='ocrx_word' id='word_1_128' title='bbox 813 612 846 634; x_wconf 89' lang='lat' dir='ltr'>ut</span> <span class='ocrx_word' id='word_1_129' title='bbox 872 614 907 634; x_wconf 82' lang='lat' dir='ltr'>ex</span> <span class='ocrx_word' id='word_1_130' title='bbox 932 606 988 634; x_wconf 87' lang='lat' dir='ltr'>hoc</span> <span class='ocrx_word' id='word_1_131' title='bbox 1016 604 1064 633; x_wconf 84' lang='lat' dir='ltr'>iue</span> <span class='ocrx_word' id='word_1_132' title='bbox 1092 603 1223 632; x_wconf 81' lang='lat' dir='ltr'>hausisse</span> <span class='ocrx_word' id='word_1_133' title='bbox 1250 602 1391 632; x_wconf 86' lang='lat' dir='ltr'>videatur.</span> <span class='ocrx_word' id='word_1_134' title='bbox 1435 599 1491 628; x_wconf 86' lang='lat' dir='ltr'>Sed</span> <span class='ocrx_word' id='word_1_135' title='bbox 1517 598 1614 627; x_wconf 87' lang='lat' dir='ltr'>conie-</span> 
     </span>
     <span class='ocr_line' id='line_1_12' title="bbox 88 659 246 686; baseline -0.006 0"><span class='ocrx_word' id='word_1_136' title='bbox 88 663 171 686; x_wconf 87' lang='lat' dir='ltr'>ctura</span> <span class='ocrx_word' id='word_1_137' title='bbox 190 659 246 685; x_wconf 76' lang='lat' dir='ltr'>est‘.</span> 
     </span>
    </p>
   </div>
   <div class='ocr_carea' id='block_1_3' title="bbox 8 727 1617 1845">
    <p class='ocr_par' dir='ltr' id='par_1_3' title="bbox 89 727 1614 926">
     <span class='ocr_line' id='line_1_13' title="bbox 130 727 1611 773; baseline -0.005 -10"><span class='ocrx_word' id='word_1_138' title='bbox 130 734 211 764; x_wconf 90' lang='lat' dir='ltr'>Haec</span> <span class='ocrx_word' id='word_1_139' title='bbox 234 740 327 763; x_wconf 89' lang='lat' dir='ltr'>autem</span> <span class='ocrx_word' id='word_1_140' title='bbox 351 733 517 771; x_wconf 85' lang='lat' dir='ltr'>anticipatio</span> <span class='ocrx_word' id='word_1_141' title='bbox 544 744 559 764; x_wconf 92' lang='lat' dir='ltr'>a</span> <span class='ocrx_word' id='word_1_142' title='bbox 581 734 751 773; x_wconf 90' lang='lat' dir='ltr'>Chrysippo</span> <span class='ocrx_word' id='word_1_143' title='bbox 780 734 915 764; x_wconf 84' lang='lat' dir='ltr'>definitur</span> <span class='ocrx_word' id='word_1_144' title='bbox 943 734 1103 762; x_wconf 75' lang='lat' dir='ltr'>Naturalis</span> <span class='ocrx_word' id='word_1_145' title='bbox 1130 733 1234 761; x_wconf 82' lang='lat' dir='ltr'>notitia</span> <span class='ocrx_word' id='word_1_146' title='bbox 1265 739 1364 760; x_wconf 78' lang='lat' dir='ltr'>rerum</span> <span class='ocrx_word' id='word_1_147' title='bbox 1393 727 1611 757; x_wconf 75' lang='lat' dir='ltr'>universalium.</span> 
     </span>
     <span class='ocr_line' id='line_1_14' title="bbox 91 777 1614 824; baseline -0.007 -8"><span class='ocrx_word' id='word_1_148' title='bbox 91 786 186 816; x_wconf 87' lang='lat' dir='ltr'>Cuius</span> <span class='ocrx_word' id='word_1_149' title='bbox 212 785 388 814; x_wconf 83' lang='lat' dir='ltr'>definitionis</span> <span class='ocrx_word' id='word_1_150' title='bbox 418 786 560 815; x_wconf 83' lang='lat' dir='ltr'>nerninem</span> <span class='ocrx_word' id='word_1_151' title='bbox 589 787 736 816; x_wconf 87' lang='lat' dir='ltr'>meliorem</span> <span class='ocrx_word' id='word_1_152' title='bbox 761 793 860 824; x_wconf 87' lang='lat' dir='ltr'>putem</span> <span class='ocrx_word' id='word_1_153' title='bbox 885 787 1090 822; x_wconf 77' lang='lat' dir='ltr'>interpretem,</span> <span class='ocrx_word' id='word_1_154' title='bbox 1121 793 1204 820; x_wconf 89' lang='lat' dir='ltr'>quam</span> <span class='ocrx_word' id='word_1_155' title='bbox 1229 782 1437 816; x_wconf 73' lang='lat' dir='ltr'>Plutarchum,</span> <span class='ocrx_word' id='word_1_156' title='bbox 1460 780 1505 808; x_wconf 87' lang='lat' dir='ltr'>vel</span> <span class='ocrx_word' id='word_1_157' title='bbox 1535 777 1614 814; x_wconf 89' lang='lat' dir='ltr'>quis-</span> 
     </span>
     <span class='ocr_line' id='line_1_15' title="bbox 92 830 1614 876; baseline -0.007 -9"><span class='ocrx_word' id='word_1_158' title='bbox 92 838 157 874; x_wconf 87' lang='lat' dir='ltr'>quis</span> <span class='ocrx_word' id='word_1_159' title='bbox 186 844 286 866; x_wconf 84' lang='lat' dir='ltr'>auctor</span> <span class='ocrx_word' id='word_1_160' title='bbox 309 836 349 864; x_wconf 90' lang='lat' dir='ltr'>sit</span> <span class='ocrx_word' id='word_1_161' title='bbox 374 836 535 873; x_wconf 87' lang='lat' dir='ltr'>librorum,</span> <span class='ocrx_word' id='word_1_162' title='bbox 559 837 620 867; x_wconf 88' lang='lat' dir='ltr'>sive</span> <span class='ocrx_word' id='word_1_163' title='bbox 643 838 844 876; x_wconf 85' lang='lat' dir='ltr'>integrorum,</span> <span class='ocrx_word' id='word_1_164' title='bbox 866 838 927 867; x_wconf 89' lang='lat' dir='ltr'>sive</span> <span class='ocrx_word' id='word_1_165' title='bbox 953 843 1193 871; x_wconf 83' lang='lat' dir='ltr'>contractorum,</span> <span class='ocrx_word' id='word_1_166' title='bbox 1215 835 1250 863; x_wconf 91' lang='lat' dir='ltr'>de</span> <span class='ocrx_word' id='word_1_167' title='bbox 1278 831 1523 870; x_wconf 85' lang='lat' dir='ltr'>philosophorum</span> <span class='ocrx_word' id='word_1_168' title='bbox 1552 830 1614 865; x_wconf 86' lang='lat' dir='ltr'>pla-</span> 
     </span>
     <span class='ocr_line' id='line_1_16' title="bbox 89 886 1612 926; baseline -0.007 -8"><span class='ocrx_word' id='word_1_169' title='bbox 89 889 168 918; x_wconf 85' lang='lat' dir='ltr'>citis.</span> <span class='ocrx_word' id='word_1_170' title='bbox 211 888 268 917; x_wconf 92' lang='lat' dir='ltr'>Hic</span> <span class='ocrx_word' id='word_1_171' title='bbox 298 887 373 916; x_wconf 87' lang='lat' dir='ltr'>libro</span> <span class='ocrx_word' id='word_1_172' title='bbox 396 896 499 923; x_wconf 81' lang='lat' dir='ltr'>quarto</span> <span class='ocrx_word' id='word_1_173' title='bbox 521 889 588 926; x_wconf 85' lang='lat'>(1)</span> <span class='ocrx_word' id='word_1_174' title='bbox 610 889 648 919; x_wconf 92' lang='lat' dir='ltr'>ita</span> <span class='ocrx_word' id='word_1_175' title='bbox 672 890 727 919; x_wconf 87' lang='lat' dir='ltr'>ait:</span> <span class='ocrx_word' id='word_1_176' title='bbox 772 910 791 926; x_wconf 90' lang='lat'>„</span> <span class='ocrx_word' id='word_1_177' title='bbox 813 889 905 919; x_wconf 85' lang='lat' dir='ltr'>Stoici</span> <span class='ocrx_word' id='word_1_178' title='bbox 926 889 1045 923; x_wconf 84' lang='lat' dir='ltr'>dicunt,</span> <span class='ocrx_word' id='word_1_179' title='bbox 1071 887 1184 923; x_wconf 87' lang='lat' dir='ltr'>quando</span> <span class='ocrx_word' id='word_1_180' title='bbox 1207 886 1237 914; x_wconf 92' lang='lat' dir='ltr'>in</span> <span class='ocrx_word' id='word_1_181' title='bbox 1260 887 1354 914; x_wconf 87' lang='lat' dir='ltr'>lucem</span> <span class='ocrx_word' id='word_1_182' title='bbox 1380 888 1540 919; x_wconf 85' lang='lat' dir='ltr'>prognatus</span> <span class='ocrx_word' id='word_1_183' title='bbox 1568 886 1612 909; x_wconf 85' lang='lat' dir='ltr'>est</span> 
     </span>
    </p>

    <p class='ocr_par' dir='ltr' id='par_1_4' title="bbox 48 931 1616 1589">
     <span class='ocr_line' id='line_1_17' title="bbox 48 931 1611 977; baseline -0.008 -6"><span class='ocrx_word' id='word_1_184' title='bbox 48 951 50 954; x_wconf 73' lang='grc'>’</span> <span class='ocrx_word' id='word_1_185' title='bbox 88 941 198 976; x_wconf 81' lang='lat' dir='ltr'>homo,</span> <span class='ocrx_word' id='word_1_186' title='bbox 229 939 315 968; x_wconf 84' lang='lat' dir='ltr'>habet</span> <span class='ocrx_word' id='word_1_187' title='bbox 342 939 504 975; x_wconf 88' lang='lat' dir='ltr'>principem</span> <span class='ocrx_word' id='word_1_188' title='bbox 536 947 646 976; x_wconf 75' lang='lat' dir='ltr'>partem</span> <span class='ocrx_word' id='word_1_189' title='bbox 676 940 784 977; x_wconf 86' lang='lat' dir='ltr'>animi,</span> <span class='ocrx_word' id='word_1_190' title='bbox 816 941 907 969; x_wconf 88' lang='lat' dir='ltr'>veluti</span> <span class='ocrx_word' id='word_1_191' title='bbox 945 940 1078 973; x_wconf 84' lang='lat' dir='ltr'>chartae,</span> <span class='ocrx_word' id='word_1_192' title='bbox 1107 945 1246 966; x_wconf 82' lang='lat' dir='ltr'>actuosus</span> <span class='ocrx_word' id='word_1_193' title='bbox 1274 937 1309 964; x_wconf 88' lang='lat' dir='ltr'>ad</span> <span class='ocrx_word' id='word_1_194' title='bbox 1337 933 1550 964; x_wconf 86' lang='lat' dir='ltr'>inscribendum</span> <span class='ocrx_word' id='word_1_195' title='bbox 1580 931 1611 960; x_wconf 90' lang='lat' dir='ltr'>in</span> 
     </span>
     <span class='ocr_line' id='line_1_18' title="bbox 88 982 1612 1026; baseline -0.008 -5"><span class='ocrx_word' id='word_1_196' title='bbox 88 993 134 1021; x_wconf 56' lang='lat' dir='ltr'>ea.</span> <span class='ocrx_word' id='word_1_197' title='bbox 173 991 300 1020; x_wconf 88' lang='lat' dir='ltr'>Primum</span> <span class='ocrx_word' id='word_1_198' title='bbox 325 990 522 1026; x_wconf 85' lang='lat' dir='ltr'>inscriptionis</span> <span class='ocrx_word' id='word_1_199' title='bbox 547 990 663 1018; x_wconf 84' lang='lat' dir='ltr'>modum</span> <span class='ocrx_word' id='word_1_200' title='bbox 693 999 757 1019; x_wconf 88' lang='lat' dir='ltr'>esse</span> <span class='ocrx_word' id='word_1_201' title='bbox 786 1000 801 1019; x_wconf 87' lang='lat' dir='ltr'>a</span> <span class='ocrx_word' id='word_1_202' title='bbox 827 990 976 1020; x_wconf 87' lang='lat' dir='ltr'>sensibus:</span> <span class='ocrx_word' id='word_1_203' title='bbox 1001 989 1052 1017; x_wconf 90' lang='lat' dir='ltr'>ubi</span> <span class='ocrx_word' id='word_1_204' title='bbox 1080 987 1154 1016; x_wconf 84' lang='lat' dir='ltr'>enim</span> <span class='ocrx_word' id='word_1_205' title='bbox 1179 987 1315 1016; x_wconf 84' lang='lat' dir='ltr'>sensibus</span> <span class='ocrx_word' id='word_1_206' title='bbox 1346 985 1457 1020; x_wconf 87' lang='lat' dir='ltr'>aliquid</span> <span class='ocrx_word' id='word_1_207' title='bbox 1481 982 1612 1019; x_wconf 87' lang='lat' dir='ltr'>percepi-</span> 
     </span>
     <span class='ocr_line' id='line_1_19' title="bbox 85 1034 1610 1078; baseline -0.008 -5"><span class='ocrx_word' id='word_1_208' title='bbox 85 1051 172 1078; x_wconf 86' lang='lat' dir='ltr'>mus,</span> <span class='ocrx_word' id='word_1_209' title='bbox 194 1048 225 1070; x_wconf 91' lang='lat' dir='ltr'>ut</span> <span class='ocrx_word' id='word_1_210' title='bbox 248 1041 366 1076; x_wconf 81' lang='lat' dir='ltr'>aihum,</span> <span class='ocrx_word' id='word_1_211' title='bbox 391 1049 424 1069; x_wconf 86' lang='lat' dir='ltr'>eo</span> <span class='ocrx_word' id='word_1_212' title='bbox 442 1041 578 1076; x_wconf 85' lang='lat' dir='ltr'>sublato,</span> <span class='ocrx_word' id='word_1_213' title='bbox 595 1040 760 1070; x_wconf 80' lang='lat' dir='ltr'>memoriam</span> <span class='ocrx_word' id='word_1_214' title='bbox 789 1048 882 1070; x_wconf 83' lang='lat' dir='ltr'>tamen</span> <span class='ocrx_word' id='word_1_215' title='bbox 908 1041 970 1069; x_wconf 89' lang='lat' dir='ltr'>eius</span> <span class='ocrx_word' id='word_1_216' title='bbox 985 1039 1158 1068; x_wconf 86' lang='lat' dir='ltr'>retinemus:</span> <span class='ocrx_word' id='word_1_217' title='bbox 1181 1044 1250 1074; x_wconf 87' lang='lat' dir='ltr'>post</span> <span class='ocrx_word' id='word_1_218' title='bbox 1274 1045 1340 1064; x_wconf 89' lang='lat' dir='ltr'>cum</span> <span class='ocrx_word' id='word_1_219' title='bbox 1363 1037 1452 1064; x_wconf 80' lang='lat' dir='ltr'>multa</span> <span class='ocrx_word' id='word_1_220' title='bbox 1480 1034 1610 1062; x_wconf 85' lang='lat' dir='ltr'>eiusdem</span> 
     </span>
     <span class='ocr_line' id='line_1_20' title="bbox 87 1085 1610 1132; baseline -0.007 -9"><span class='ocrx_word' id='word_1_221' title='bbox 87 1093 199 1132; x_wconf 84' lang='lat' dir='ltr'>generis</span> <span class='ocrx_word' id='word_1_222' title='bbox 223 1091 423 1122; x_wconf 87' lang='lat' dir='ltr'>concurrerint</span> <span class='ocrx_word' id='word_1_223' title='bbox 454 1091 584 1127; x_wconf 86' lang='lat' dir='ltr'>formae,</span> <span class='ocrx_word' id='word_1_224' title='bbox 606 1092 812 1129; x_wconf 83' lang='lat' dir='ltr'>experientiam</span> <span class='ocrx_word' id='word_1_225' title='bbox 839 1091 936 1128; x_wconf 84' lang='lat' dir='ltr'>adepti</span> <span class='ocrx_word' id='word_1_226' title='bbox 957 1090 1091 1120; x_wconf 86' lang='lat' dir='ltr'>dicimur.</span> <span class='ocrx_word' id='word_1_227' title='bbox 1136 1089 1221 1118; x_wconf 76' lang='lat' dir='ltr'>Haec‘</span> <span class='ocrx_word' id='word_1_228' title='bbox 1242 1087 1325 1117; x_wconf 68' lang='lat' dir='ltr'>enim&#39;</span> <span class='ocrx_word' id='word_1_229' title='bbox 1349 1087 1507 1121; x_wconf 82' lang='lat' dir='ltr'>definitur,</span> <span class='ocrx_word' id='word_1_230' title='bbox 1536 1085 1610 1113; x_wconf 76' lang='lat' dir='ltr'>mul-</span> 
     </span>
     <span class='ocr_line' id='line_1_21' title="bbox 85 1128 1608 1180; baseline -0.007 -6"><span class='ocrx_word' id='word_1_231' title='bbox 85 1144 177 1174; x_wconf 77' lang='lat' dir='ltr'>u‘tu&#39;d&#39;o</span> <span class='ocrx_word' id='word_1_232' title='bbox 201 1142 335 1172; x_wconf 74' lang='lat' dir='ltr'>‘eiusdem</span> <span class='ocrx_word' id='word_1_233' title='bbox 367 1143 481 1180; x_wconf 79' lang='lat' dir='ltr'>generis</span> <span class='ocrx_word' id='word_1_234' title='bbox 520 1144 675 1172; x_wconf 75' lang='lat' dir='ltr'>notionum.</span> <span class='ocrx_word' id='word_1_235' title='bbox 733 1142 792 1172; x_wconf 86' lang='lat' dir='ltr'>Iam</span> <span class='ocrx_word' id='word_1_236' title='bbox 835 1143 988 1172; x_wconf 73' lang='lat' dir='ltr'>notionum</span> <span class='ocrx_word' id='word_1_237' title='bbox 1027 1150 1098 1178; x_wconf 86' lang='lat' dir='ltr'>quae</span> <span class='ocrx_word' id='word_1_238' title='bbox 1134 1128 1291 1170; x_wconf 74' lang='lat' dir='ltr'>naturales</span> <span class='ocrx_word' id='word_1_239' title='bbox 1317 1139 1385 1179; x_wconf 82' lang='lat' dir='ltr'>sunt</span> <span class='ocrx_word' id='word_1_240' title='bbox 1397 1141 1411 1174; x_wconf 71' lang='lat'>&#39;,</span> <span class='ocrx_word' id='word_1_241' title='bbox 1451 1146 1485 1166; x_wconf 92' lang='lat' dir='ltr'>eo</span> <span class='ocrx_word' id='word_1_242' title='bbox 1502 1159 1512 1173; x_wconf 87' lang='lat'>,</span> <span class='ocrx_word' id='word_1_243' title='bbox 1550 1144 1608 1171; x_wconf 89' lang='lat' dir='ltr'>quo</span> 
     </span>
     <span class='ocr_line' id='line_1_22' title="bbox 86 1179 1615 1230; baseline -0.007 -5"><span class='ocrx_word' id='word_1_244' title='bbox 86 1195 195 1226; x_wconf 88' lang='lat' dir='ltr'>dictum</span> <span class='ocrx_word' id='word_1_245' title='bbox 227 1201 271 1223; x_wconf 89' lang='lat' dir='ltr'>est</span> <span class='ocrx_word' id='word_1_246' title='bbox 290 1213 302 1230; x_wconf 97' lang='lat'>,</span> <span class='ocrx_word' id='word_1_247' title='bbox 334 1194 420 1222; x_wconf 92' lang='lat' dir='ltr'>modo</span> <span class='ocrx_word' id='word_1_248' title='bbox 457 1193 531 1222; x_wconf 87' lang='lat' dir='ltr'>fiunt</span> <span class='ocrx_word' id='word_1_249' title='bbox 548 1214 559 1229; x_wconf 89' lang='lat'>,</span> <span class='ocrx_word' id='word_1_250' title='bbox 588 1195 728 1230; x_wconf 79' lang='lat' dir='ltr'>nullaque</span> <span class='ocrx_word' id='word_1_251' title='bbox 759 1193 829 1223; x_wconf 85' lang='lat' dir='ltr'>artis</span> <span class='ocrx_word' id='word_1_252' title='bbox 853 1193 1014 1222; x_wconf 74' lang='lat' dir='ltr'>industria:</span> <span class='ocrx_word' id='word_1_253' title='bbox 1034 1193 1105 1221; x_wconf 86' lang='lat' dir='ltr'>aliae</span> <span class='ocrx_word' id='word_1_254' title='bbox 1129 1191 1262 1220; x_wconf 73' lang='lat' dir='ltr'>doctrina</span> <span class='ocrx_word' id='word_1_255' title='bbox 1277 1179 1370 1226; x_wconf 75' lang='lat' dir='ltr'>vporro</span> <span class='ocrx_word' id='word_1_256' title='bbox 1401 1189 1502 1218; x_wconf 69' lang='lat' dir='ltr'>nostra</span> <span class='ocrx_word' id='word_1_257' title='bbox 1527 1191 1615 1216; x_wconf 72' lang='lat' dir='ltr'>accu-&#39;</span> 
     </span>
     <span class='ocr_line' id='line_1_23' title="bbox 86 1238 1610 1281; baseline -0.006 -6"><span class='ocrx_word' id='word_1_258' title='bbox 86 1245 257 1281; x_wconf 70' lang='lat' dir='ltr'>rationeque</span> <span class='ocrx_word' id='word_1_259' title='bbox 289 1251 436 1281; x_wconf 81' lang='lat' dir='ltr'>parantur.</span> <span class='ocrx_word' id='word_1_260' title='bbox 485 1244 549 1273; x_wconf 77' lang='lat' dir='ltr'>Hae</span> <span class='ocrx_word' id='word_1_261' title='bbox 582 1252 693 1275; x_wconf 85' lang='lat' dir='ltr'>tantum</span> <span class='ocrx_word' id='word_1_262' title='bbox 726 1247 846 1274; x_wconf 75' lang='lat' dir='ltr'>notitiae</span> <span class='ocrx_word' id='word_1_263' title='bbox 876 1245 1040 1280; x_wconf 81' lang='lat' dir='ltr'>dicuntur3</span> <span class='ocrx_word' id='word_1_264' title='bbox 1072 1244 1143 1273; x_wconf 87' lang='lat' dir='ltr'>istae</span> <span class='ocrx_word' id='word_1_265' title='bbox 1167 1243 1250 1272; x_wconf 79' lang='lat' dir='ltr'>etiam</span> <span class='ocrx_word' id='word_1_266' title='bbox 1268 1240 1518 1279; x_wconf 62' lang='lat' dir='ltr'>{anticipationes&#39;,</span> <span class='ocrx_word' id='word_1_267' title='bbox 1547 1238 1610 1270; x_wconf 81' lang='lat' dir='ltr'>sive</span> 
     </span>
     <span class='ocr_line' id='line_1_24' title="bbox 81 1290 1616 1337; baseline -0.007 -10"><span class='ocrx_word' id='word_1_268' title='bbox 81 1298 292 1337; x_wconf 73' lang='lat' dir='ltr'>praenotiones.</span> <span class='ocrx_word' id='word_1_269' title='bbox 333 1295 425 1325; x_wconf 82' lang='lat' dir='ltr'>Ratio</span> <span class='ocrx_word' id='word_1_270' title='bbox 451 1302 615 1332; x_wconf 83' lang='lat' dir='ltr'>praeterea,</span> <span class='ocrx_word' id='word_1_271' title='bbox 645 1306 659 1326; x_wconf 90' lang='lat' dir='ltr'>a</span> <span class='ocrx_word' id='word_1_272' title='bbox 686 1298 744 1333; x_wconf 72' lang='lat' dir='ltr'>qua</span> <span class='ocrx_word' id='word_1_273' title='bbox 773 1296 893 1326; x_wconf 87' lang='lat' dir='ltr'>rationis</span> <span class='ocrx_word' id='word_1_274' title='bbox 924 1295 1048 1325; x_wconf 72' lang='lat' dir='ltr'>dicimur</span> <span class='ocrx_word' id='word_1_275' title='bbox 1074 1301 1249 1331; x_wconf 76' lang='lat' dir='ltr'>compotes,</span> <span class='ocrx_word' id='word_1_276' title='bbox 1277 1290 1532 1326; x_wconf 28' lang='lat' dir='ltr'>istisflantieipatis</span> <span class='ocrx_word' id='word_1_277' title='bbox 1557 1297 1616 1318; x_wconf 79' lang='lat' dir='ltr'>no-</span> 
     </span>
     <span class='ocr_line' id='line_1_25' title="bbox 83 1341 1613 1384; baseline -0.008 -5"><span class='ocrx_word' id='word_1_278' title='bbox 83 1347 215 1381; x_wconf 76' lang='lat' dir='ltr'>tionibus</span> <span class='ocrx_word' id='word_1_279' title='bbox 248 1347 353 1376; x_wconf 80' lang='lat' dir='ltr'>dicitur</span> <span class='ocrx_word' id='word_1_280' title='bbox 383 1346 495 1377; x_wconf 83' lang='lat' dir='ltr'>absolvi</span> <span class='ocrx_word' id='word_1_281' title='bbox 526 1347 622 1383; x_wconf 87' lang='lat' dir='ltr'>primo</span> <span class='ocrx_word' id='word_1_282' title='bbox 647 1348 851 1384; x_wconf 80' lang='lat' dir='ltr'>septenario.”</span> <span class='ocrx_word' id='word_1_283' title='bbox 892 1348 972 1376; x_wconf 81' lang='lat' dir='ltr'>Haec</span> <span class='ocrx_word' id='word_1_284' title='bbox 998 1353 1122 1382; x_wconf 81' lang='lat' dir='ltr'>auctor,</span> <span class='ocrx_word' id='word_1_285' title='bbox 1150 1345 1309 1381; x_wconf 83' lang='lat' dir='ltr'>interprete</span> <span class='ocrx_word' id='word_1_286' title='bbox 1325 1350 1446 1372; x_wconf 70' lang='lat' dir='ltr'>:summo</span> <span class='ocrx_word' id='word_1_287' title='bbox 1472 1341 1613 1377; x_wconf 60' lang='lat' dir='ltr'>XVytten·</span> 
     </span>
     <span class='ocr_line' id='line_1_26' title="bbox 86 1392 1616 1441; baseline -0.008 -8"><span class='ocrx_word' id='word_1_288' title='bbox 86 1399 216 1441; x_wconf 65' lang='lat' dir='ltr'>bachio,</span> <span class='ocrx_word' id='word_1_289' title='bbox 238 1406 297 1433; x_wconf 73' lang='lat' dir='ltr'>quo</span> <span class='ocrx_word' id='word_1_290' title='bbox 315 1398 388 1433; x_wconf 64' lang='lat' dir='ltr'>quis</span> <span class='ocrx_word' id='word_1_291' title='bbox 411 1398 537 1429; x_wconf 75' lang='lat' dir='ltr'>melior?</span> <span class='ocrx_word' id='word_1_292' title='bbox 566 1398 879 1429; x_wconf 68' lang='lat' dir='ltr'>Pseudo-Plutarchum</span> <span class='ocrx_word' id='word_1_293' title='bbox 911 1399 979 1428; x_wconf 82' lang='lat' dir='ltr'>licet</span> <span class='ocrx_word' id='word_1_294' title='bbox 1004 1397 1165 1427; x_wconf 76' lang='lat' dir='ltr'>Meinetsio</span> <span class='ocrx_word' id='word_1_295' title='bbox 1198 1405 1262 1425; x_wconf 86' lang='lat' dir='ltr'>eum</span> <span class='ocrx_word' id='word_1_296' title='bbox 1286 1393 1451 1425; x_wconf 76' lang='lat' dir='ltr'>nominare:</span> <span class='ocrx_word' id='word_1_297' title='bbox 1474 1392 1527 1425; x_wconf 81' lang='lat' dir='ltr'>hac</span> <span class='ocrx_word' id='word_1_298' title='bbox 1550 1392 1616 1426; x_wconf 71' lang='lat' dir='ltr'>sal-</span> 
     </span>
     <span class='ocr_line' id='line_1_27' title="bbox 87 1442 1615 1489; baseline -0.002 -10"><span class='ocrx_word' id='word_1_299' title='bbox 87 1457 146 1484; x_wconf 73' lang='lat' dir='ltr'>tem</span> <span class='ocrx_word' id='word_1_300' title='bbox 172 1449 202 1478; x_wconf 89' lang='lat' dir='ltr'>in</span> <span class='ocrx_word' id='word_1_301' title='bbox 227 1457 258 1477; x_wconf 85' lang='lat' dir='ltr'>re</span> <span class='ocrx_word' id='word_1_302' title='bbox 281 1446 343 1479; x_wconf 80' lang='lat' dir='ltr'>eius</span> <span class='ocrx_word' id='word_1_303' title='bbox 371 1449 592 1489; x_wconf 73' lang='lat' dir='ltr'>auctoritatem,</span> <span class='ocrx_word' id='word_1_304' title='bbox 615 1457 734 1486; x_wconf 84' lang='lat' dir='ltr'>propter</span> <span class='ocrx_word' id='word_1_305' title='bbox 765 1450 931 1487; x_wconf 85' lang='lat' dir='ltr'>Chrysippi</span> <span class='ocrx_word' id='word_1_306' title='bbox 955 1449 1110 1479; x_wconf 80' lang='lat' dir='ltr'>verborum</span> <span class='ocrx_word' id='word_1_307' title='bbox 1136 1455 1336 1480; x_wconf 58' lang='lat' dir='ltr'>consensum,</span> <span class='ocrx_word' id='word_1_308' title='bbox 1354 1452 1458 1480; x_wconf 84' lang='lat' dir='ltr'>negare</span> <span class='ocrx_word' id='word_1_309' title='bbox 1488 1451 1548 1476; x_wconf 70' lang='lat' dir='ltr'>non</span> <span class='ocrx_word' id='word_1_310' title='bbox 1578 1442 1615 1472; x_wconf 75' lang='grc' dir='ltr'>Π·</span> 
     </span>
     <span class='ocr_line' id='line_1_28' title="bbox 86 1493 1614 1538; baseline -0.006 -6"><span class='ocrx_word' id='word_1_311' title='bbox 86 1508 145 1532; x_wconf 80' lang='lat' dir='ltr'>eet.</span> <span class='ocrx_word' id='word_1_312' title='bbox 196 1500 268 1537; x_wconf 89' lang='lat' dir='ltr'>Quo</span> <span class='ocrx_word' id='word_1_313' title='bbox 295 1505 390 1528; x_wconf 85' lang='lat' dir='ltr'>autem</span> <span class='ocrx_word' id='word_1_314' title='bbox 423 1499 519 1528; x_wconf 86' lang='lat' dir='ltr'>minus</span> <span class='ocrx_word' id='word_1_315' title='bbox 551 1500 691 1537; x_wconf 77' lang='lat' dir='ltr'>dubites,</span> <span class='ocrx_word' id='word_1_316' title='bbox 721 1510 757 1531; x_wconf 90' lang='lat' dir='ltr'>en</span> <span class='ocrx_word' id='word_1_317' title='bbox 782 1502 1023 1538; x_wconf 84' lang='lat' dir='ltr'>anticipationum</span> <span class='ocrx_word' id='word_1_318' title='bbox 1061 1500 1278 1532; x_wconf 72' lang='lat' dir='ltr'>definitionem,</span> <span class='ocrx_word' id='word_1_319' title='bbox 1310 1504 1382 1532; x_wconf 83' lang='lat' dir='ltr'>quae</span> <span class='ocrx_word' id='word_1_320' title='bbox 1410 1494 1558 1523; x_wconf 85' lang='lat' dir='ltr'>invenitur</span> <span class='ocrx_word' id='word_1_321' title='bbox 1582 1493 1614 1523; x_wconf 83' lang='lat' dir='ltr'>in</span> 
     </span>
     <span class='ocr_line' id='line_1_29' title="bbox 85 1544 1615 1589; baseline -0.007 -7"><span class='ocrx_word' id='word_1_322' title='bbox 85 1552 162 1584; x_wconf 77' lang='lat' dir='ltr'>libro</span> <span class='ocrx_word' id='word_1_323' title='bbox 191 1551 329 1580; x_wconf 82' lang='lat' dir='ltr'>adversus</span> <span class='ocrx_word' id='word_1_324' title='bbox 356 1549 473 1580; x_wconf 82' lang='lat' dir='ltr'>Stoicos</span> <span class='ocrx_word' id='word_1_325' title='bbox 503 1551 538 1578; x_wconf 90' lang='lat' dir='ltr'>de</span> <span class='ocrx_word' id='word_1_326' title='bbox 563 1552 768 1583; x_wconf 78' lang='lat' dir='ltr'>communibus</span> <span class='ocrx_word' id='word_1_327' title='bbox 798 1552 934 1588; x_wconf 81' lang='lat' dir='ltr'>notitiis,</span> <span class='ocrx_word' id='word_1_328' title='bbox 966 1553 1016 1589; x_wconf 82' lang='lat' dir='ltr'>qui</span> <span class='ocrx_word' id='word_1_329' title='bbox 1047 1552 1176 1581; x_wconf 85' lang='lat' dir='ltr'>omnium</span> <span class='ocrx_word' id='word_1_330' title='bbox 1202 1556 1349 1578; x_wconf 85' lang='lat' dir='ltr'>consensu</span> <span class='ocrx_word' id='word_1_331' title='bbox 1378 1554 1446 1574; x_wconf 89' lang='lat' dir='ltr'>vere</span> <span class='ocrx_word' id='word_1_332' title='bbox 1480 1551 1524 1573; x_wconf 89' lang='lat' dir='ltr'>est</span> <span class='ocrx_word' id='word_1_333' title='bbox 1547 1544 1615 1573; x_wconf 87' lang='lat' dir='ltr'>Plu-</span> 
     </span>
    </p>

    <p class='ocr_par' dir='ltr' id='par_1_5' title="bbox 47 1599 1617 1640">
     <span class='ocr_line' id='line_1_30' title="bbox 47 1599 1617 1640; baseline -0.004 -6"><span class='ocrx_word' id='word_1_334' title='bbox 47 1609 50 1615; x_wconf 90' lang='lat'>·</span> <span class='ocrx_word' id='word_1_335' title='bbox 88 1601 191 1632; x_wconf 81' lang='lat' dir='ltr'>tarchi.</span> <span class='ocrx_word' id='word_1_336' title='bbox 231 1601 276 1630; x_wconf 86' lang='lat' dir='ltr'>Ibi</span> <span class='ocrx_word' id='word_1_337' title='bbox 298 1601 366 1638; x_wconf 69' lang='lat'>(2)</span> <span class='ocrx_word' id='word_1_338' title='bbox 385 1600 512 1637; x_wconf 72' lang='lat' dir='ltr'>dicitur„</span> <span class='ocrx_word' id='word_1_339' title='bbox 533 1609 580 1631; x_wconf 84' lang='lat' dir='ltr'>eas</span> <span class='ocrx_word' id='word_1_340' title='bbox 609 1611 624 1631; x_wconf 90' lang='lat' dir='ltr'>a</span> <span class='ocrx_word' id='word_1_341' title='bbox 640 1603 758 1636; x_wconf 19' lang='lat' dir='ltr'>,Stoicis</span> <span class='ocrx_word' id='word_1_342' title='bbox 785 1604 920 1639; x_wconf 85' lang='lat' dir='ltr'>definiri,</span> <span class='ocrx_word' id='word_1_343' title='bbox 941 1603 1100 1633; x_wconf 70' lang='lat' dir='ltr'>reconditas</span> <span class='ocrx_word' id='word_1_344' title='bbox 1123 1604 1237 1640; x_wconf 72' lang='lat' dir='ltr'>aliquas</span> <span class='ocrx_word' id='word_1_345' title='bbox 1262 1599 1490 1637; x_wconf 59' lang='lat' dir='ltr'>intelligentias,</span> <span class='ocrx_word' id='word_1_346' title='bbox 1513 1604 1617 1628; x_wconf 65' lang='lat' dir='ltr'>mame</span> 
     </span>
    </p>

    <p class='ocr_par' dir='ltr' id='par_1_6' title="bbox 8 1647 1616 1746">
     <span class='ocr_line' id='line_1_31' title="bbox 8 1647 1616 1707; baseline -0.005 -24"><span class='ocrx_word' id='word_1_347' title='bbox 8 1653 12 1707; x_wconf 55' lang='grc' dir='ltr'>ι</span> <span class='ocrx_word' id='word_1_348' title='bbox 31 1665 43 1673; x_wconf 64' lang='grc'>’»</span> <span class='ocrx_word' id='word_1_349' title='bbox 87 1655 150 1683; x_wconf 75' lang='lat' dir='ltr'>rias</span> <span class='ocrx_word' id='word_1_350' title='bbox 177 1659 334 1690; x_wconf 76' lang='lat' dir='ltr'>constantes</span> <span class='ocrx_word' id='word_1_351' title='bbox 359 1651 518 1690; x_wconf 77' lang='lat' dir='ltr'>quasdam,</span> <span class='ocrx_word' id='word_1_352' title='bbox 542 1660 568 1682; x_wconf 81' lang='lat' dir='ltr'>et</span> <span class='ocrx_word' id='word_1_353' title='bbox 588 1654 701 1683; x_wconf 64' lang='lat' dir='ltr'>habitas</span> <span class='ocrx_word' id='word_1_354' title='bbox 723 1656 828 1684; x_wconf 75' lang='lat' dir='ltr'>similes</span> <span class='ocrx_word' id='word_1_355' title='bbox 849 1657 1051 1695; x_wconf 73' lang='lat' dir='ltr'>impressiones.</span> <span class='ocrx_word' id='word_1_356' title='bbox 1094 1655 1188 1693; x_wconf 89' lang='lat' dir='ltr'>Quam</span> <span class='ocrx_word' id='word_1_357' title='bbox 1213 1660 1344 1682; x_wconf 86' lang='lat' dir='ltr'>accurate</span> <span class='ocrx_word' id='word_1_358' title='bbox 1367 1649 1450 1679; x_wconf 86' lang='lat' dir='ltr'>etiam</span> <span class='ocrx_word' id='word_1_359' title='bbox 1475 1648 1545 1684; x_wconf 80' lang='lat' dir='ltr'>haec</span> <span class='ocrx_word' id='word_1_360' title='bbox 1567 1647 1616 1675; x_wconf 82' lang='lat' dir='ltr'>de-</span> 
     </span>
     <span class='ocr_line' id='line_1_32' title="bbox 45 1697 1616 1746; baseline -0.006 -11"><span class='ocrx_word' id='word_1_361' title='bbox 45 1744 47 1746; x_wconf 14' lang='lat'><em>*</em></span> <span class='ocrx_word' id='word_1_362' title='bbox 86 1704 180 1735; x_wconf 74' lang='lat' dir='ltr'>finitio</span> <span class='ocrx_word' id='word_1_363' title='bbox 201 1703 352 1733; x_wconf 83' lang='lat' dir='ltr'>conveniat</span> <span class='ocrx_word' id='word_1_364' title='bbox 367 1711 432 1731; x_wconf 88' lang='lat' dir='ltr'>cum</span> <span class='ocrx_word' id='word_1_365' title='bbox 451 1703 619 1733; x_wconf 82' lang='lat' dir='ltr'>definitione</span> <span class='ocrx_word' id='word_1_366' title='bbox 642 1705 786 1742; x_wconf 84' lang='lat' dir='ltr'>Epicuri,</span> <span class='ocrx_word' id='word_1_367' title='bbox 815 1716 899 1742; x_wconf 84' lang='lat' dir='ltr'>quam</span> <span class='ocrx_word' id='word_1_368' title='bbox 923 1707 1038 1735; x_wconf 88' lang='lat' dir='ltr'>notavit</span> <span class='ocrx_word' id='word_1_369' title='bbox 1062 1705 1217 1740; x_wconf 66' lang='lat' dir='ltr'>Laertius,</span> <span class='ocrx_word' id='word_1_370' title='bbox 1242 1703 1338 1740; x_wconf 87' lang='lat' dir='ltr'>quivis</span> <span class='ocrx_word' id='word_1_371' title='bbox 1356 1701 1447 1730; x_wconf 78' lang='lat' dir='ltr'>videt.</span> <span class='ocrx_word' id='word_1_372' title='bbox 1489 1697 1616 1726; x_wconf 86' lang='lat' dir='ltr'>Eaedem</span> 
     </span>
    </p>

    <p class='ocr_par' dir='ltr' id='par_1_7' title="bbox 8 1741 1616 1845">
     <span class='ocr_line' id='line_1_33' title="bbox 8 1741 1615 1794; baseline -0.007 -8"><span class='ocrx_word' id='word_1_373' title='bbox 8 1749 10 1767; x_wconf 57' lang='lat'>³</span> <span class='ocrx_word' id='word_1_374' title='bbox 32 1759 37 1772; x_wconf 64' lang='lat'><strong><em>‘</em></strong></span> <span class='ocrx_word' id='word_1_375' title='bbox 86 1754 290 1794; x_wconf 72' lang='lat' dir='ltr'>praenotiones</span> <span class='ocrx_word' id='word_1_376' title='bbox 309 1753 381 1790; x_wconf 65' lang='lat' dir='ltr'>&#39;quia</span> <span class='ocrx_word' id='word_1_377' title='bbox 402 1755 552 1783; x_wconf 75' lang='lat' dir='ltr'>naturales</span> <span class='ocrx_word' id='word_1_378' title='bbox 581 1756 769 1793; x_wconf 83' lang='lat' dir='ltr'>hominibus,</span> <span class='ocrx_word' id='word_1_379' title='bbox 800 1758 860 1786; x_wconf 84' lang='lat' dir='ltr'>sive</span> <span class='ocrx_word' id='word_1_380' title='bbox 887 1758 1128 1794; x_wconf 81' lang='lat' dir='ltr'>quemadmodum</span> <span class='ocrx_word' id='word_1_381' title='bbox 1156 1755 1260 1784; x_wconf 87' lang='lat' dir='ltr'>Cicero</span> <span class='ocrx_word' id='word_1_382' title='bbox 1282 1754 1348 1790; x_wconf 84' lang='lat'>(3)</span> <span class='ocrx_word' id='word_1_383' title='bbox 1369 1750 1462 1786; x_wconf 82' lang='lat' dir='ltr'>dixit,</span> <span class='ocrx_word' id='word_1_384' title='bbox 1491 1741 1615 1777; x_wconf 60' lang='lat' dir='ltr'>naturae</span> 
     </span>
     <span class='ocr_line' id='line_1_34' title="bbox 79 1802 1616 1845; baseline -0.007 -8"><span class='ocrx_word' id='word_1_385' title='bbox 79 1812 155 1837; x_wconf 59' lang='lat' dir='ltr'>sunt</span> <span class='ocrx_word' id='word_1_386' title='bbox 178 1805 308 1841; x_wconf 81' lang='lat' dir='ltr'>iudicia,</span> <span class='ocrx_word' id='word_1_387' title='bbox 329 1811 358 1834; x_wconf 90' lang='lat' dir='ltr'>et</span> <span class='ocrx_word' id='word_1_388' title='bbox 386 1813 539 1842; x_wconf 86' lang='lat' dir='ltr'>propterea</span> <span class='ocrx_word' id='word_1_389' title='bbox 570 1806 736 1836; x_wconf 86' lang='lat' dir='ltr'>hominibus</span> <span class='ocrx_word' id='word_1_390' title='bbox 766 1817 955 1845; x_wconf 82' lang='lat' dir='ltr'>communes,</span> <span class='ocrx_word' id='word_1_391' title='bbox 982 1818 998 1837; x_wconf 88' lang='lat' dir='ltr'>a</span> <span class='ocrx_word' id='word_1_392' title='bbox 1028 1807 1135 1836; x_wconf 86' lang='lat' dir='ltr'>Stoicis</span> <span class='ocrx_word' id='word_1_393' title='bbox 1162 1806 1278 1843; x_wconf 86' lang='lat' dir='ltr'>saepius</span> <span class='ocrx_word' id='word_1_394' title='bbox 1303 1812 1420 1840; x_wconf 84' lang='lat' dir='ltr'>quoque</span> <span class='ocrx_word' id='word_1_395' title='bbox 1435 1802 1616 1838; x_wconf 80' lang='lat' dir='ltr'>appellantur</span> 
     </span>
    </p>
   </div>
   <div class='ocr_carea' id='block_1_4' title="bbox 84 1853 1616 1932">
    <p class='ocr_par' dir='ltr' id='par_1_8' title="bbox 84 1853 1616 1932">
     <span class='ocr_line' id='line_1_35' title="bbox 84 1853 1615 1898; baseline -0.007 -9"><span class='ocrx_word' id='word_1_396' title='bbox 84 1867 238 1889; x_wconf 71' lang='lat' dir='ltr'>eonimunes</span> <span class='ocrx_word' id='word_1_397' title='bbox 251 1858 398 1894; x_wconf 63' lang='lat' dir='ltr'>noticiae,</span> <span class='ocrx_word' id='word_1_398' title='bbox 418 1866 574 1887; x_wconf 77' lang='lat' dir='ltr'>communes</span> <span class='ocrx_word' id='word_1_399' title='bbox 599 1861 841 1898; x_wconf 75' lang='lat' dir='ltr'>anticipatIones,</span> <span class='ocrx_word' id='word_1_400' title='bbox 863 1863 945 1892; x_wconf 72' lang='grc' dir='ltr'>κοιναὶ</span> <span class='ocrx_word' id='word_1_401' title='bbox 968 1861 1081 1896; x_wconf 76' lang='grc' dir='ltr'>ἔννοιαι,</span> <span class='ocrx_word' id='word_1_402' title='bbox 1104 1860 1188 1889; x_wconf 68' lang='lat' dir='ltr'>xoium)</span> <span class='ocrx_word' id='word_1_403' title='bbox 1209 1858 1362 1894; x_wconf 73' lang='grc' dir='ltr'><em>προλήψεις</em></span> <span class='ocrx_word' id='word_1_404' title='bbox 1383 1856 1466 1891; x_wconf 73' lang='lat'>(4).</span> <span class='ocrx_word' id='word_1_405' title='bbox 1507 1853 1615 1882; x_wconf 84' lang='lat' dir='ltr'>Seneca</span> 
     </span>
     <span class='ocr_line' id='line_1_36' title="bbox 1161 1910 1616 1932; baseline -0.011 3"><span class='ocrx_word' id='word_1_406' title='bbox 1161 1915 1163 1917; x_wconf 92' lang='lat'>·</span> <span class='ocrx_word' id='word_1_407' title='bbox 1552 1910 1616 1932; x_wconf 76' lang='lat' dir='ltr'>ver-</span> 
     </span>
    </p>
   </div>
   <div class='ocr_carea' id='block_1_5' title="bbox 0 0 38 1616">
    <p class='ocr_par' dir='ltr' id='par_1_9' title="bbox 0 0 38 1616">
     <span class='ocr_line' id='line_1_37' title="bbox 0 0 38 1616; baseline 0 0"><span class='ocrx_word' id='word_1_408' title='bbox 0 0 38 1616; x_wconf 95' lang='lat' dir='ltr'> </span> 
     </span>
    </p>
   </div>
   <div class='ocr_carea' id='block_1_6' title="bbox 7 1769 11 1831">
    <p class='ocr_par' dir='ltr' id='par_1_10' title="bbox 7 1769 11 1831">
     <span class='ocr_line' id='line_1_38' title="bbox 7 1769 11 1831; baseline 0 617"><span class='ocrx_word' id='word_1_409' title='bbox 7 1769 11 1831; x_wconf 95' lang='lat' dir='ltr'> </span> 
     </span>
    </p>
   </div>
   <div class='ocr_carea' id='block_1_7' title="bbox 113 1990 1359 2076">
    <p class='ocr_par' dir='ltr' id='par_1_11' title="bbox 113 1990 1359 2076">
     <span class='ocr_line' id='line_1_39' title="bbox 117 1990 1272 2037; baseline -0.002 -17"><span class='ocrx_word' id='word_1_410' title='bbox 117 1991 183 2028; x_wconf 81' lang='lat' dir='ltr'>(x)</span> <span class='ocrx_word' id='word_1_411' title='bbox 207 1994 240 2020; x_wconf 86' lang='lat' dir='ltr'>C.</span> <span class='ocrx_word' id='word_1_412' title='bbox 261 1997 300 2018; x_wconf 86' lang='lat' dir='ltr'>n.</span> <span class='ocrx_word' id='word_1_413' title='bbox 473 1990 538 2037; x_wconf 70' lang='lat' dir='ltr'>(a)</span> <span class='ocrx_word' id='word_1_414' title='bbox 563 1992 658 2028; x_wconf 85' lang='lat' dir='ltr'>C.47.</span> <span class='ocrx_word' id='word_1_415' title='bbox 847 1995 1027 2031; x_wconf 15' lang='lat' dir='ltr'>(3)rderN.</span> <span class='ocrx_word' id='word_1_416' title='bbox 1047 1997 1082 2022; x_wconf 93' lang='lat' dir='ltr'>D.</span> <span class='ocrx_word' id='word_1_417' title='bbox 1108 1996 1176 2023; x_wconf 61' lang='grc' dir='ltr'>ιε.</span> <span class='ocrx_word' id='word_1_418' title='bbox 1203 2001 1272 2020; x_wconf 84' lang='lat' dir='ltr'>c.2.</span> 
     </span>
     <span class='ocr_line' id='line_1_40' title="bbox 113 2035 1359 2076; baseline -0.001 -10"><span class='ocrx_word' id='word_1_419' title='bbox 113 2040 179 2076; x_wconf 69' lang='lat'>(4)</span> <span class='ocrx_word' id='word_1_420' title='bbox 205 2041 245 2068; x_wconf 80' lang='lat' dir='ltr'>Ita</span> <span class='ocrx_word' id='word_1_421' title='bbox 261 2039 330 2075; x_wconf 84' lang='lat' dir='ltr'>apud</span> <span class='ocrx_word' id='word_1_422' title='bbox 347 2039 515 2067; x_wconf 74' lang='lat' dir='ltr'>Plutarchum</span> <span class='ocrx_word' id='word_1_423' title='bbox 535 2039 597 2069; x_wconf 69' lang='lat' dir='ltr'>adV.</span> <span class='ocrx_word' id='word_1_424' title='bbox 616 2042 726 2068; x_wconf 78' lang='lat' dir='ltr'>stoicos</span> <span class='ocrx_word' id='word_1_425' title='bbox 744 2041 776 2069; x_wconf 86' lang='lat' dir='ltr'>de</span> <span class='ocrx_word' id='word_1_426' title='bbox 797 2049 893 2070; x_wconf 84' lang='lat' dir='ltr'>comm.</span> <span class='ocrx_word' id='word_1_427' title='bbox 913 2044 1020 2069; x_wconf 82' lang='lat' dir='ltr'>notitiis</span> <span class='ocrx_word' id='word_1_428' title='bbox 1032 2062 1040 2075; x_wconf 88' lang='lat'>,</span> <span class='ocrx_word' id='word_1_429' title='bbox 1060 2041 1154 2075; x_wconf 56' lang='lat' dir='ltr'>quavis</span> <span class='ocrx_word' id='word_1_430' title='bbox 1175 2040 1232 2067; x_wconf 78' lang='lat' dir='ltr'>fere</span> <span class='ocrx_word' id='word_1_431' title='bbox 1251 2035 1359 2072; x_wconf 61' lang='lat' dir='ltr'>pagina.</span> 
     </span>
    </p>
   </div>
   <div class='ocr_carea' id='block_1_8' title="bbox 0 1893 985 2337">
    <p class='ocr_par' dir='ltr' id='par_1_12' title="bbox 0 1893 985 2337">
     <span class='ocr_line' id='line_1_41' title="bbox 5 1893 9 1973; baseline 0 0"><span class='ocrx_word' id='word_1_432' title='bbox 5 1893 9 1973; x_wconf 70' lang='grc' dir='ltr'><em>ξ</em></span> 
     </span>
     <span class='ocr_line' id='line_1_42' title="bbox 5 1980 9 2054; baseline 0 0"><span class='ocrx_word' id='word_1_433' title='bbox 5 1980 9 2054; x_wconf 66' lang='grc' dir='ltr'><strong><em>ἒ</em></strong></span> 
     </span>
     <span class='ocr_line' id='line_1_43' title="bbox 0 2065 985 2150; baseline -0.004 -27"><span class='ocrx_word' id='word_1_434' title='bbox 0 2065 18 2150; x_wconf 26' lang='grc' dir='ltr'>,ῑν</span> <span class='ocrx_word' id='word_1_435' title='bbox 920 2089 944 2118; x_wconf 58' lang='grc' dir='ltr'>Β</span> <span class='ocrx_word' id='word_1_436' title='bbox 966 2097 985 2120; x_wconf 62' lang='lat'><em>2</em></span> 
     </span>
     <span class='ocr_line' id='line_1_44' title="bbox 3 2177 6 2231; baseline 0 0"><span class='ocrx_word' id='word_1_437' title='bbox 3 2177 6 2231; x_wconf 72' lang='lat' dir='ltr'><strong><em>z</em></strong></span> 
     </span>
     <span class='ocr_line' id='line_1_45' title="bbox 1 2294 5 2337; baseline 0 0"><span class='ocrx_word' id='word_1_438' title='bbox 1 2294 5 2337; x_wconf 75' lang='grc' dir='ltr'>Ι</span> 
     </span>
    </p>
   </div>
  </div>
 </body>
</html>
