1930 2448
353 135 389 165 14
680 122 1091 155 TACONIS
1170 122 1534 155 ROORDA

354 215 402 237 tus
423 209 611 245 Empiricus,
634 209 683 245 qui
707 209 745 238 ita
770 209 804 237 de
830 206 1084 244 anticipationibus
1107 207 1260 243 loquitur,
1281 214 1314 237 ut
1336 208 1399 237 aliis
1426 208 1609 246 philosophis
1633 209 1685 239 hac
1709 210 1739 240 in
1762 219 1793 241 re
1817 220 1864 242 as·

356 260 454 289 sentiri
481 261 609 290 vidcatur
630 261 707 297 (r).
758 261 911 297 Quamque
934 260 1040 287 multos
1059 257 1198 287 fucaverit
1223 267 1333 288 errores
1357 259 1430 288 idem
1458 268 1574 290 naturae
1593 270 1717 298 nomen,
1746 271 1810 292 cum
1833 263 1862 292 in

356 312 453 339 multis
478 311 564 348 aliis,
587 319 646 340 tum
675 313 826 348 praecipue
850 312 878 340 in
906 310 987 348 poesi
1015 311 1104 346 (α’),
1126 309 1216 338 tristis
1241 310 1339 339 docuit
1360 311 1552 347 experientia,
1574 319 1650 341 erut
1673 313 1796 349 quisque
1819 321 1863 343 est

351 361 559 400 doctissimus,
582 363 620 392 ita
641 364 799 392 certissime
819 371 976 400 persuasus
1003 368 1056 389 est.

390 440 584 477 Quamobrem
606 436 660 471 nos
682 450 823 470 memores
849 440 938 468 simus
967 438 1134 475 proverbii,
1158 439 1236 474 quod
1260 439 1336 475 apud
1361 439 1470 468 Arabes
1496 439 1663 475 quotidiano
1686 440 1763 477 viget
1785 448 1862 476 usu,

352 491 409 528 Qui
433 494 621 531 experiamr,
652 502 712 521 eum
740 493 843 530 augeri
861 489 1000 525 scientid,
1027 499 1143 523 errore,
1165 491 1214 528 qui
1237 489 1336 519 credat
1357 491 1432 526 (3).
1475 491 1579 527 Neque
1605 491 1679 520 enim
1707 491 1860 528 quicquam

351 543 433 571 etiam
452 543 574 573 afferunt
590 544 638 572 isti
657 542 847 581 philosophi,
871 541 948 576 quod
965 550 1018 569 nos
1037 548 1138 577 cogat⁷
1162 541 1228 570 huic
1251 542 1465 578 argumentandi
1481 542 1583 571 rationi
1606 542 1751 572 assentiri.
1783 564 1801 579 ‚‚
1816 543 1862 572 De

350 594 433 629 quo”
461 595 595 630 inquiunt
617 615 636 630 .,
659 594 783 623 omnium
810 600 909 622 natura
934 593 1098 626 consentit,
1119 591 1148 619 id
1171 600 1268 620 verum
1295 601 1376 628 esse,
1398 602 1515 622 necesse
1541 594 1620 623 est'’.
1652 603 1779 623 caussam
1800 603 1864 624 non·

348 645 475 674 addunt:
495 647 574 681 quod
602 645 843 682 philosophorum
867 652 926 673 non
946 649 1002 672 est.
1043 644 1141 678 Atque
1166 652 1225 671 non
1246 643 1340 672 omnia
1365 651 1481 673 naturae
1499 645 1603 674 iudicia
1625 654 1687 674 esse
1704 655 1791 682 vera,
1813 647 1864 675 de·

347 704 505 725 monstrare
531 697 615 726 facile
641 706 703 725 esse
726 697 851 726 videtur.
893 695 973 733 Quid
999 694 1098 723 enim?
1126 703 1222 724 nonne
1241 701 1270 723 et
1291 703 1401 723 errores
1418 696 1585 725 hominibus
1607 703 1676 725 sunt
1695 697 1860 726 naturales?

346 746 446 776 Veluti
470 748 555 783 quia,
578 748 817 784 quemadmodum
845 755 916 775 suus
943 754 1084 782 quemque
1101 746 1185 774 docet
1208 754 1301 781 usus,
1323 753 1438 775 naturae
1459 747 1596 776 humanae
1621 755 1685 783 est,
1708 747 1781 777 nihil
1806 748 1864 778 nisi

347 808 469 835 corpore
493 801 614 836 quodam
644 800 797 835 indutum,
819 807 906 836 posse
937 798 1082 835 cogitare3
1107 797 1171 826 hinc
1197 796 1302 825 factum
1327 797 1404 832 fuit,
1432 804 1464 826 ut
1493 797 1540 826 illa
1565 807 1700 834 quoque,
1725 807 1796 834 quae
1816 808 1864 828 ac·

347 850 474 878 curatior
499 850 692 879 consideratio
725 851 896 886 incorporea
922 858 985 878 esse
1018 849 1137 884 docuit,
1169 856 1286 877 naturae
1311 849 1448 878 humanae
1470 848 1606 877 iudicium
1637 858 1778 886 corporea
1799 858 1862 879 esse

353 901 595 940 pronuntiaverit.
628 910 714 937 quare
736 911 788 931 nec
814 910 913 930 omnes
935 907 1065 936 veteres,
1087 910 1139 930 nec
1164 901 1279 937 plurimi
1304 901 1386 930 etiam
1413 910 1489 930 nunc
1513 901 1662 937 homines,
1690 902 1784 931 Deum
1803 901 1864 931 ani-

347 962 479 988 mamque
499 954 647 982 humanam
673 954 706 982 ab
733 954 810 982 omni
833 952 965 981 materiae
987 953 1110 981 notione
1129 961 1276 989 segregare
1299 959 1458 989 potuerunt
1478 953 1565 990 (4).
1605 953 1708 990 Quid?
1727 952 1861 989 quoniam

349 1012 380 1032 ea
407 1011 449 1031 est
476 1004 623 1033 hominum
647 1004 821 1032 incultorum
846 1011 970 1039 natura,
992 1010 1025 1032 ut
1046 1012 1131 1032 omne
1155 1004 1234 1039 quod
1254 1011 1403 1040 stuporem
1425 1011 1539 1033 moveat
1561 1005 1608 1033 vel
1625 1003 1862 1040 admirationem,

347 1055 530 1091 suspiciant,
561 1062 755 1090 venerentur,
783 1056 920 1090 adorent3
952 1063 1048 1083 nonne
1079 1056 1112 1083 en
1137 1054 1235 1084 mundi
1260 1062 1370 1090 aetate,
1401 1056 1457 1091 qua
1483 1055 1632 1084 hominum
1655 1063 1746 1092 genus
1767 1055 1862 1084 minus

347 1113 407 1134 erat
427 1108 559 1141 cultum,
580 1112 696 1135 naturae
714 1105 770 1134 fuit
796 1105 954 1141 iudicium,
975 1106 1070 1143 plures
1091 1113 1144 1132 uno
1166 1113 1220 1133 esse
1235 1104 1323 1134 deos?
1345 1113 1441 1134 nonne
1461 1105 1485 1133 si
1501 1112 1611 1134 veteres
1631 1104 1774 1135 Israelitae
1791 1111 1864 1134 tem-

350 1166 422 1193 pore
441 1157 619 1198 migrationis
641 1166 676 1185 ex
696 1157 832 1194 Aegypto
851 1157 993 1193 Epicurei
1017 1156 1142 1184 fuissent
1163 1162 1211 1184 aut
1237 1155 1348 1190 Stoici,
1368 1155 1476 1185 Mosen
1501 1156 1694 1192 lapidassent,
1716 1156 1767 1192 qui
1791 1164 1864 1187 con·

347 1214 391 1236 tra
408 1214 588 1237 communem
599 1228 609 1243 ,
629 1207 664 1236 ab
679 1207 741 1243 ipsa
760 1209 862 1236 natura
879 1207 991 1236 insitam
1013 1207 1180 1243 opinionem
1198 1208 1334 1242 doceret,
1357 1216 1444 1235 unum
1463 1207 1658 1236 tantummodo
1673 1217 1726 1237 esse
1741 1208 1861 1237 Deum?

344 1259 455 1288 Nonne
482 1261 568 1296 longe
592 1258 704 1288 firmior
723 1265 767 1288 est
786 1260 856 1295 illa,
881 1268 964 1296 quam
986 1265 1052 1287 arte
1071 1265 1099 1287 et
1119 1257 1268 1287 industria
1287 1258 1421 1295 paravit,
1442 1259 1582 1288 sententia
1604 1258 1780 1296 Copernici‚
1803 1265 1860 1288 ter-

346 1319 406 1338 ram
428 1310 504 1339 circa
529 1312 619 1339 solem
639 1310 770 1346 moveri,
792 1319 878 1347 quam
900 1310 1058 1346 naturalis,
1082 1311 1219 1339 omnibus
1244 1309 1372 1339 omnium
1396 1316 1461 1338 ante
1494 1319 1557 1338 eum
1589 1309 1719 1346 gentium
1737 1309 1861 1339 homini·

350 1362 406 1390 bns
436 1362 624 1398 communis,
657 1362 756 1398 opinio
789 1362 932 1391 contraria
952 1362 966 1390 ’.ἕ
1009 1361 1040 1390 Si
1066 1361 1095 1391 in
1126 1361 1364 1398 praenotionibus
1397 1361 1562 1397 ponendum
1593 1361 1630 1390 sit
1660 1359 1721 1390 veri
1750 1369 1783 1389 ac
1807 1360 1861 1389 fal·

347 1412 375 1441 si
400 1412 557 1449 iudicium,
579 1412 682 1442 salsum
710 1422 794 1448 esse,
816 1422 934 1442 necesse
947 1413 1007 1449 sit,
1030 1413 1109 1448 quod
1130 1413 1230 1442 docuit
1254 1412 1424 1447 Cartesius‚
1446 1413 1582 1446 colores,
1606 1419 1680 1446 quos
1707 1409 1857 1446 videmus,

345 1465 421 1493 haud
443 1473 506 1493 esse
529 1464 559 1494 in
581 1464 687 1501 rebus,
709 1473 804 1500 neque
828 1473 926 1492 eorum
949 1472 1012 1492 esse
1038 1470 1182 1500 tamquam
1208 1463 1352 1493 materiam
1372 1463 1495 1499 aliquam
1514 1462 1644 1499 partibus
1665 1468 1858 1492 constantem.

345 1515 403 1544 Sed
427 1517 546 1552 longum
577 1523 620 1544 est
646 1524 794 1544 recensere
817 1523 938 1550 omnes,
963 1514 1012 1551 qui
1038 1515 1068 1545 in
1093 1516 1178 1545 reb-us
1204 1517 1334 1553 physicis
1352 1523 1446 1545 totum
1468 1524 1559 1553 genus
1582 1515 1736 1544 humanum
1759 1522 1861 1550 perva-

341 1566 401 1602 gati
425 1574 509 1602 sunt,
530 1575 653 1596 errores.
681 1583 717 1589 —
736 1567 778 1596 At
801 1567 875 1596 enim
900 1566 971 1596 haec
998 1567 1167 1604 opinionum
1190 1573 1352 1596 commenta
1373 1567 1482 1596 delevit
1506 1566 1586 1602 dies,
1615 1572 1731 1595 naturae
1755 1564 1858 1594 iudicia

1775 1624 1858 1653 [con-

374 1706 439 1741 (1)
456 1707 518 1734 vid.
537 1706 646 1733 secundi
663 1713 757 1733 contra
775 1706 842 1739 Log.
859 1708 920 1733 libri
939 1715 960 1734 s.
974 1715 1022 1741 337
1040 1715 1119 1740 seqq.

374 1753 441 1787 (ε)
462 1755 517 1780 Hos
541 1760 650 1779 errores
667 1754 692 1779 in
707 1754 785 1786 poesi
804 1753 947 1780 dramatica
961 1755 1063 1780 cecinit
1078 1760 1102 1779 et
1122 1754 1180 1779 risit
1204 1752 1312 1780 Scluller
1333 1754 1358 1779 in
1377 1752 1495 1779 carmine
1507 1770 1515 1784 ,
1535 1752 1578 1778 cui
1603 1751 1715 1778 titulun:
1743 1749 1857 1778 Sbeht?

334 1807 416 1833 pears
435 1801 568 1826 Schatten.

861 1846 901 1866 llo
962 1847 1012 1866 ol
1056 1846 1230 1866 vulso!

373 1877 446 1914 <³>
831 1870 1240 1934 *henas-w

867 1945 880 1965 ‘t
897 1948 908 1964 Ι
929 1948 940 1964 Ι
970 1954 983 1966 ε,
1015 1947 1026 1964 Ι
1058 1954 1072 1967 α
1109 1941 1123 1968 ἕ
1141 1953 1151 1966 1
1189 1953 1201 1966 o
1229 1947 1240 1964 Ι

335 2039 338 2041 ’
368 2041 430 2076 (4)
456 2045 528 2077 Quin
547 2046 604 2071 ‘imo
625 2048 745 2078 nullum,
764 2047 817 2080 vqui
836 2054 894 2074 ante
919 2035 1066 2073 Cartesium
1087 2049 1232 2077 vixerunt,
1257 2045 1476 2079 philosophorum
1498 2044 1607 2068 animam
1629 2043 1762 2070 humanam
1787 2047 1851 2068 vere

331 2089 483 2122 simplicem
507 2093 637 2124 cogitasse
660 2100 685 2120 et
704 2101 802 2127 purum
821 2095 960 2128 spiritum,
981 2095 1114 2121 existimat
1131 2094 1260 2126 Plalmr,
1287 2093 1305 2120 1.
1322 2093 1341 2119 l.
1367 2098 1430 2119 com.
1450 2091 1480 2122 Ι,
1504 2087 1530 2123 §-
1547 2097 1609 2124 75¹·
