1930 2448
360 174 586 207 RESPONS1O
615 184 658 205 AD
687 167 999 214 QUAESTIO‘NEM
1028 170 1355 203 THEOLOGtCAM.
1570 182 1610 211 47

142 255 310 294 Praeterea,
341 259 365 288 si
385 268 456 288 usus
476 258 613 296 loquendi
639 257 735 287 varius
765 263 828 291 est,
856 252 885 284 et'
911 250 1062 285 conteXtus
1088 256 1187 286 suadet
1215 244 1484 293 significationem,
1514 264 1529 297 e
1554 264 1608 292 qua

106 319 209 340 sensus
230 312 325 339 redeat
341 311 499 348 Analogiae
515 310 662 340 doctrinae
681 308 813 345 inprimis
834 296 1031 343 conv'en'i'e'ns,
1053 309 1121 336 haec
1151 309 1240 351 vulgo
1266 307 1450 343 praeferenda
1475 314 1529 337 est.
1570 307 1613 336 Ita

105 371 135 391 v.
157 370 186 391 c.
211 370 221 391 1
245 362 323 391 Petr.
343 371 379 391 1:
401 365 429 392 6.
452 362 624 399 significatio
650 360 805 397 particulae
824 360 848 389 εἰ
879 368 912 387 ex
939 367 994 388 usu
1013 359 1149 395 loquendi
1173 359 1284 387 diversa
1308 367 1370 387 esse
1395 365 1503 395 potest.
1543 357 1626 387 Fre-¹

108 415 229 448 q'uenter
255 413 368 449 quidem
394 413 424 442 in
446 413 489 443 N.
516 413 550 442 F.
580 411 698 449 ponitur
723 419 776 447 pro
800 411 853 446 si‚·
890 419 950 438 non
977 419 1039 438 raro
1068 417 1162 438 tamen
1189 409 1295 438 rectius
1319 409 1441 438 vertitur
1465 411 1609 447 quoniam.

107 471 153 492 ex.
175 472 219 500 gr.
247 464 315 493 Act.
339 473 376 500 4:
405 473 435 501 9.
465 466 518 492 18:
543 470 590 499 15.
641 461 755 500 Quodsi
778 467 945 489 contextum
974 460 1151 489 consulimus
1171 481 1181 495 ‚
1210 460 1354 496 posterior
1378 454 1547 497 significatio
1584 460 1614 489 in

106 513 184 542 Petri
204 514 284 550 illis,
305 516 327 545 ἐι
357 515 412 545 δέον
431 514 511 548 ἐστὶ,
531 513 716 549 praeferenda
741 511 874 547 videtur,
899 511 985 547 idque
1005 520 1038 540 eo
1064 512 1173 548 magis,
1194 511 1219 540 si
1245 511 1299 547 iis,
1323 520 1393 546 quae
1419 512 1614 547 praecedunt,

107 566 135 595 εἰν
149 563 178 602 ᾧ
195 567 389 601 ἀγαλλιᾶσθε,
417 565 451 593 de
469 563 578 601 gaudiis
592 585 602 600 ,
626 564 732 600 quibus
757 556 988 601 Christianijam
1012 564 1046 593 in‘
1063 565 1115 593 hac
1135 564 1212 599 vita,
1232 570 1352 600 propter
1381 563 1483 592 eximia
1509 562 1616 592 benefi-

107 619 152 650 cia
166 617 300 654 Christi,
322 617 394 646 affici
423 623 451 645 et
481 616 620 652 compleri
646 617 761 653 possint
783 626 814 646 ac
840 616 980 651 debeant,
1003 616 1054 652 agi
1074 621 1231 644 statuamus
1245 636 1255 651 ,
1280 615 1358 651 quod
1380 614 1554 651 comparatio
1572 616 1617 643 lo-

107 678 208 699 corum
234 669 322 697 Rom.
347 677 401 698 12:
426 676 472 697 12.
513 667 590 697 Phil.
609 676 647 704 4:
668 677 699 704 4.
720 668 805 697 nobis
831 669 994 705 persuadet.
1035 668 1127 705 Igitur
1150 670 1176 698 ἐν
1192 666 1211 704 ᾧ
1234 666 1438 696 conferendum
1472 676 1537 695 cum
1559 667 1618 695 He-

109 721 207 751 braico
232 714 370 773 Ἷιῖζὲξὲ,
393 727 420 749 et
436 727 552 756 tempus
574 729 730 757 praesens,
752 721 949 749 Hebraeorum
968 728 1065 754 more,
1086 719 1121 747 de
1138 728 1171 747 eo
1188 718 1430 754 interpretandum
1443 738 1453 753 ,
1475 719 1554 754 quod
1570 718 1619 746 fie-

56 805 59 808 .
107 783 133 812 ri
158 782 254 820 possit
278 783 325 810 vel
349 788 500 819 oporteat,
530 788 564 811 ut
584 791 686 812 sensus
711 783 769 812 sit:
796 791 881 819 quam
910 782 941 812 ob
965 791 1081 811 causam
1099 782 1165 819 jam
1191 780 1320 809 laetandi
1340 789 1456 809 causam
1484 780 1614 819 habetis,

110 834 221 864 etiamsi
244 842 318 870 opus
345 833 402 869 sit,
433 840 466 862 ut
497 832 619 862 subinde
646 833 763 862 tristitia
790 833 960 862 afficiamini.
1001 833 1091 862 Hisce
1124 832 1213 869 igitur
1237 831 1446 869 consideratis,
1476 831 1506 861 in
1532 832 1619 868 parti·

111 886 175 914 cuia
202 887 223 915 ἐι
241 884 427 921 praeferimus
456 882 695 922 significatIOnem
718 887 868 923 quoniam,
893 894 948 920 qua
973 892 1118 920 assumta,
1138 883 1287 912 universae
1309 883 1516 912 enuntiationis
1535 893 1619 920 argu·

111 943 240 966 mentum
267 936 379 973 egregie
406 936 593 965 confirmatur
621 944 674 972 per
702 937 873 974 Analogiam
901 940 1068 976 doctrinae,-
1099 941 1133 969 de
1155 940 1278 969 utilitate
1304 939 1509 968 calamitatum.
1551 939 1619 968 Vid.

111 986 201 1018 Rom.
220 991 255 1018 8.
278 991 324 1018 28.
345 997 439 1024 usque
455 989 489 1017 ad
508 988 605 1017 finem.
623 989 684 1025 Jac.
703 997 737 1018 1:
765 997 812 1019 12.
834 1005 867 1011 —-
888 991 978 1021 Conf.
998 999 1025 1021 et
1041 992 1136 1035 Math.
1161 995 1215 1021 18.
1241 1000 1266 1027 3.
1295 991 1346 1019 ubi
1371 991 1497 1019 occurrit
1513 992 1559 1020 ἕσιν
1581 992 1620 1025 μὴ

110 1044 267 1078 στραφῆτε.
306 1040 389 1069 Usus
406 1039 543 1089 loquendi
562 1041 659 1069 varius
689 1047 743 1069 est.
785 1040 924 1078 Quamvis
951 1041 1025 1069 enim
1048 1041 1188 1077 imprimis
1207 1042 1344 1070 notionem
1365 1042 1534 1078 reciprocam
1553 1049 1635 1078 sua-y

109 1091 194 1127 deat,
217 1092 364 1130 passivam
392 1098 486 1119 tamen
510 1090 591 1118 etiam
619 1090 770 1126 permittit.
817 1090 984 1120 Contextus
1007 1091 1118 1126 docet,
1150 1091 1291 1135 (quippe
1317 1091 1401 1128 Jesus
1433 1098 1561 1120 versatur
1586 1091 1615 1119 in

111 1139 244 1177 mouendo
270 1149 298 1170 et
316 1140 566 1180 praecipiendo),
589 1139 822 1178 sigmficationem
845 1143 1018 1179 reciprocam
1043 1142 1255 1179 praeferendam
1283 1150 1367 1178 esse,
1397 1143 1478 1178 quod
1512 1142 1637 1179 egregie.

110 1189 265 1222 confirmat
293 1193 437 1227 Analogia
462 1193 628 1220 doctrinae.

133 1242 303 1278 Tandem,
324 1250 395 1270 usus
417 1241 442 1270 si
465 1241 561 1270 varius
585 1248 649 1278 est,
678 1249 706 1271 et
727 1242 780 1272 alia
803 1244 1007 1282 interpretandi
1033 1246 1159 1276 subsidia
1185 1255 1245 1275 non
1269 1233 1393 1280 docent,
1415 1228 1487 1275 hanc
1510 1245 1624 1286 illamve

113 1293 352 1331 significationem
378 1300 441 1320 esse
464 1292 700 1329 praeferendam,
721 1302 753 1322 ea
778 1295 885 1323 assumi
909 1303 1028 1333 potest,
1058 1307 1141 1333 quam
1167 1297 1308 1334 Analogia
1337 1297 1485 1326 doctrinae
1510 1290 1624 1325 suadet.

112 1346 156 1374 lta
182 1353 214 1374 v.
243 1352 272 1372 c.
293 1343 323 1372 111
347 1344 414 1371 loco
437 1351 448 1371 1
469 1342 549 1371 Petr.
568 1352 607 1372 2:
631 1351 680 1380 25.
713 1346 791 1380 quod
819 1345 921 1374 attinet
948 1348 983 1375 ad
1004 1347 1123 1376 verbum
1145 1356 1209 1376 cum
1235 1350 1278 1378 ἐπὶ
1306 1347 1498 1383 compositum
1522 1346 1625 1375 similis

114 1395 225 1425 formae
244 1396 435 1432 ἔπεςράφητε,
457 1403 528 1424 usus
544 1397 682 1431 loquendi
710 1397 806 1427 itidem
830 1398 926 1427 varius
955 1404 1015 1426 est:
1047 1407 1062 1426 e
1085 1407 1160 1427 nexu
1180 1399 1238 1427 loci
1260 1407 1377 1434 quoque
1397 1407 1460 1427 non
1486 1404 1625 1434 apparet,

117 1447 182 1484 quis
208 1446 255 1475 hic
276 1445 463 1474 assumendus
482 1446 522 1474 sit
545 1456 636 1481 usus,
666 1456 760 1483 neque
786 1448 838 1476 alia
862 1449 1066 1483 interpretandi
1089 1449 1217 1478 subsidia
1239 1451 1331 1478 lucem
1357 1450 1506 1485 praebent.
1545 1450 1624 1479 Ana-

114 1499 191 1535 logia
216 1506 286 1527 vero
313 1496 458 1525 doctrinae
479 1505 544 1525 cum
573 1506 628 1525 nos
655 1498 776 1533 doceat,
800 1498 830 1527 vi
860 1498 974 1533 quidem
1000 1499 1094 1528 divina
1125 1499 1255 1528 homines
1276 1501 1310 1528 ad
1331 1501 1476 1528 meliorem
1501 1507 1624 1529 mentem

115 1548 270 1583 converti,
291 1548 341 1576 sed
365 1547 421 1575 hoc
442 1556 503 1576 non
526 1547 565 1576 ita
584 1547 664 1583 fieri,
688 1549 758 1584 quin
782 1543 1019 1585 unumquemque*
1042 1557 1174 1586 oporteat
1196 1560 1274 1579 suam
1297 1560 1412 1587 operam
1436 1559 1551 1581 strenue
1576 1553 1623 1580 ad-

115 1600 234 1642 hibere,
255 1598 363 1636 (conf.
383 1598 460 1629 Phil.
479 1608 513 1628 2:
540 1608 594 1634 12,
619 1609 667 1636 13.
681 1601 716 1635 ),
740 1599 926 1636 praeferimus
944 1601 1179 1637 significationem
1194 1603 1381 1638 reciprocam.
1425 1605 1458 1632 In
1477 1603 1624 1631 istiusmo-

116 1651 145 1680 di
163 1658 257 1680 tamen
280 1649 353 1679 locis
378 1658 487 1678 summa
513 1651 670 1679 adhibenda
696 1658 740 1679 est
763 1651 880 1686 cautio,
911 1659 948 1679 ne
975 1651 1068 1686 illud,
1099 1652 1178 1687 quod
1203 1653 1367 1681 verosimile
1393 1652 1450 1688 sit,
1480 1662 1533 1689 pro
1557 1661 1626 1682 vero

117 1708 239 1742 etycerto
268 1700 421 1729 habeamus
435 1720 448 1735 ,
469 1707 497 1729 et
519 1701 639 1729 nimium
659 1703 728 1730 adeo
751 1701 910 1738 Analogiae
934 1701 1082 1730 doctrinae
1103 1702 1274 1731 tribuamus.

154 1751 197 1782 V.
219 1751 276 1780 His
301 1751 340 1779 ita
364 1747 476 1779 traditis
501 1750 577 1779 forte
598 1752 718 1780 subsisti
741 1760 861 1788 posset,
882 1752 907 1781 si
926 1752 1077 1789 interpreti
1101 1753 1143 1781 nil
1165 1753 1242 1781 aliud
1268 1761 1343 1782 esset
1362 1754 1519 1790 agendum,
1544 1763 1629 1790 quam

116 1803 270 1834 verborum
300 1802 548 1849 formularumque
581 1801 807 1840 significationes
843 1803 987 1839 indagare.
1035 1803 1077 1831 At
1110 1811 1175 1832 cum
1200 1812 1285 1840 saepe
1320 1805 1467 1840 loquentis
1499 1812 1527 1833 et
1559 1806 1631 1834 scri-

118 1846 215 1884 bentis
249 1863 328 1884 mens
366 1861 394 1882 et
432 1853 572 1883 sententia
606 1854 728 1891 intelligi
765 1861 889 1890 nequeat
925 1862 960 1883 ex
994 1853 1097 1883 literali
1134 1855 1288 1884 verborum
1325 1855 1534 1892 significatione
1555 1877 1566 1892 ,
1603 1863 1631 1886 et

118 1914 216 1948 revera
252 1914 369 1941 quoque
399 1904 563 1941 interpretis
593 1905 659 1941 sit,
688 1906 836 1934 notionem
864 1905 905 1934 rei
933 1905 1108 1942 significatae
1138 1906 1256 1943 veibis,
1286 1914 1335 1937 aut
1367 1909 1462 1944 quoad
1484 1909 1630 1938 notionem

118 1956 310 1994 permutandis
327 1976 337 1991 ‚
373 1963 423 1986 aut
452 1958 547 1993 quoad
572 1957 631 1986 vim
659 1952 929 1987 circumscribendis
945 1977 956 1992 ‚
987 1957 1029 1985 sic
1054 1957 1212 1993 exprimere
1229 1978 1239 1993 ,
1268 1965 1300 1986 ut
1333 1959 1424 1987 lector
1450 1960 1570 1989 ducatur
1597 1961 1631 1989 ad

117 2008 268 2037 notionem
293 2008 430 2043 eandem,
466 2016 548 2043 quam
571 2008 696 2044 scriptor
722 2009 782 2037 suis
806 2008 903 2038 verbis
937 2016 1134 2045 expresserat,
1170 2010 1254 2046 plane
1279 2010 1476 2047 cogitandam3
1507 2011 1552 2040 his
1576 2012 1631 2048 igi-

121 2065 169 2087 tur
195 2059 229 2087 de
250 2058 342 2087 causis
365 2058 446 2086 etiam
473 2067 565 2086 sensus
591 2059 708 2088 omnino
731 2065 774 2088 est
797 2059 1008 2105 inquirendus,
1039 2060 1089 2096 qui
1113 2069 1212 2089 revera
1240 2060 1372 2089 diversus
1401 2068 1443 2090 est
1469 2071 1484 2090 a
1509 2062 1636 2090 vocabu-

120 2111 216 2138 lorum
244 2108 468 2145 significatione.
510 2109 601 2140 Conf.
628 2110 710 2139 filori
735 2102 839 2148 Progr.
871 2111 918 2139 Dc
941 2106 1102 2139 discrimine
1125 2120 1218 2139 sensus
1246 2118 1272 2140 et
1294 2104 1505 2149 ςὶἕὶιίβσαίίοηίς
1530 2115 1561 2141 in
1587 2115 1633 2141 ira-

123 2153 315 2198 terpretando.
348 2159 565 2198 LipS.1777‚
597 2160 701 2191 iterum
731 2162 809 2199 typis
834 2162 1007 2199 descriptum
1039 2162 1068 2192 in
1100 2163 1161 2200 ejus
1189 2162 1269 2192 Diss.
1300 2163 1392 2192 Theoi.
1421 2171 1448 2191 et
1476 2163 1580 2192 Philo!
1607 2163 1632 2192 Ι.

1567 2222 1633 2250 1³³3·
