1961 2438
319 100 367 144 36
831 97 868 129 a
936 95 980 127 ‘E
995 94 1054 126 'JK
1075 94 1124 126 ’,Α
1146 93 1273 127 τΜιπΑ

321 197 403 232 quas
421 185 534 218 habeat
563 192 728 217 mensuras
752 181 906 213 Universa
924 179 1046 213 'mundi
1071 187 1204 220 natura,
1232 184 1577 225 ⁰⁰gss0808revsatagisf
1646 181 1691 215 Ut
1713 179 1792 219 fflud

320 254 438 286 magna
462 253 536 273 cum
558 240 651 271 lande
670 237 796 275 studes,
833 238 879 268 sic
904 244 935 268 et
962 238 1023 269 hoc
1046 244 1168 280 quanto
1194 249 1269 269 cum
1297 236 1404 269 fructu
1433 249 1490 281 per
1509 239 1683 270 triennium
1712 239 1794 272 fece·

325 301 369 332 iis
398 299 523 342 egregia
551 304 604 328 tua
627 295 740 338 probat
762 296 989 326 commentatio
1017 295 1167 337 Physica,
1206 295 1259 325 cui
1285 294 1453 325 Facultatis
1486 302 1610 327 nostrae
1632 297 1795 331 Judicium

326 356 387 387 hoc
407 354 583 398 praemium
605 352 745 391 addixit,
770 350 858 395 quod
881 351 981 387 laetus
1004 351 1076 382 Tibi
1096 351 1198 385 trado.
1222 368 1265 376 —
1296 353 1345 383 Tu
1371 362 1438 394 quo
1462 351 1542 395 pede
1573 355 1727 397 coepisti,
1749 357 1797 390 δὴ

327 412 408 444 bene
439 421 561 453 semper
589 420 652 442 eas.

368 528 417 557 Tu
435 525 544 558 itidem
556 548 566 564 ,
590 524 856 568 praestantissime
875 533 1035 555 PUTTKA
1048 533 1163 555 MMER
1182 523 1227 566 (2
1239 521 1274 567 >l
1297 529 1328 554 et
1344 522 1619 566 Jurisprudeutiae
1640 530 1673 556 et
1688 524 1796 559 Philas

325 582 456 626 sophiae
482 584 528 614 sic
553 581 678 613 duceris
703 591 832 617 amore,
864 586 901 610 ut
921 579 1072 610 alternam
1102 591 1203 622 prope
1231 591 1360 622 operam
1387 581 1437 612 his
1463 580 1641 624 disciplinis
1664 582 1794 627 impen-

326 642 401 674 dere
427 641 538 674 soleas.
605 641 670 671 Nec
693 638 825 670 cessabit
849 637 990 680 profecto
1017 636 1154 680 duplicis
1179 637 1279 668 studii
1303 635 1436 670 fruetus.
1504 639 1552 669 En
1577 649 1672 678 vero,
1695 649 1795 683 quam

328 709 418 729 nunc
444 698 502 729 tihi
528 697 650 740 peperit
679 695 815 738 gloriam
843 694 1066 726 Mathematica
1091 692 1267 736 disputatio
1298 700 1374 735 tua,
1407 704 1542 726 aureum
1578 695 1701 729 Victori
1726 695 1798 738 lege

328 754 522 787 destinatum
544 752 733 797 praemium.

370 869 571 901 Ornatissimi
592 867 745 901 Juvenes!
769 868 826 912 qui
847 868 915 912 pari
935 866 1131 899 curriculum
1150 866 1284 909 ingressi
1304 866 1439 905 ardore,
1463 868 1530 910 pari
1557 879 1688 912 quoque
1713 868 1801 901 velo-

327 929 420 962 citate
445 936 476 960 et
499 935 565 960 arte
589 927 770 960 confecistis
793 938 943 966 cursum,
974 927 1010 957 nt
1030 925 1116 958 'alter
1138 923 1272 955 alterum
1298 923 1383 955 haud
1409 924 1615 966 praevertisse
1645 924 1801 958 videatur.

325 986 432 1019 Ambo
449 984 600 1017 victores!
643 985 752 1017 Ambo
770 986 838 1027 pari
860 983 983 1014 bonore
1000 990 1032 1015 et
1050 983 1151 1026 gloria
1169 981 1261 1025 digni
1277 981 1411 1023 judicati
1435 982 1454 1023 (
1464 981 1531 1025 3)!
1565 984 1670 1022 Quam
1688 982 1809 1014 vellem

329 1053 437 1086 parem
458 1043 587 1085 utrique
613 1044 764 1074 Vestrum
792 1041 947 1084 palmam,
974 1050 1030 1082 par
1059 1039 1211 1071 victoriae
1238 1038 1469 1070 documentum
1501 1037 1664 1071 exhibere.
1711 1040 1804 1075 Vetat

333 1098 384 1134 lex
412 1105 530 1131 nostra.
574 1101 637 1130 Res
664 1098 704 1129 ad
737 1099 856 1138 sortem
875 1096 937 1128 fuit
963 1095 1163 1136 revocanda,
1197 1095 1274 1128 huic
1303 1096 1461 1127 committi
1487 1095 1626 1136 debuit,
1647 1107 1715 1129 non
1731 1106 1808 1139 :preq

330 1156 413 1187 tium
433 1155 544 1188 barbeii
568 1156 624 1187 sed
646 1155 759 1188 forma.
825 1156 876 1186 Sic
895 1154 984 1186 alteri
1009 1164 1130 1185 numus
1156 1154 1282 1191 evenit,
1304 1152 1394 1184 alteri
1424 1152 1577 1195 diploma.
1808 1168 1811 1171 ·

375 1269 447 1301 Tibi
473 1270 573 1313 igitur
601 1270 869 1313 praestantissime
900 1279 948 1300 ΒΕ
970 1265 1070 1302 vos!
1102 1277 1235 1299 aureum
1262 1265 1325 1298 hoc
1356 1267 1489 1310 porrigo
1517 1267 1716 1309 praemium,
1741 1268 1806 1310 pri.

334 1337 452 1369 moque
487 1326 570 1358 hanc
609 1326 742 1368 gloriam
783 1324 937 1369 gratulor.
993 1322 1182 1357 Academiae
1216 1329 1327 1355 notrae
1363 1322 1514 1354 alumnus
1545 1325 1594 1354 Tu
1624 1324 1808 1355 certaminis

1749 1380 1811 1412 hu-

335 1527 404 1566 (2)
431 1539 501 1567 ]Αο
514 1538 613 1560 onus
643 1536 850 1562 NICOLAUS
876 1541 956 1561 VAN
980 1535 1295 1564 PUTTKAMMER3
1314 1528 1378 1565 Jur.
1400 1528 1488 1556 Rom.
1515 1533 1543 1556 et
1562 1526 1643 1555 Hod.
1669 1525 1766 1554 Math.
1786 1517 1825 1554 ee·v

425 1580 537 1610 Philos.
560 1582 629 1611 Nat.
656 1583 830 1612 Candidatus
858 1583 887 1612 in
913 1584 1066 1612 Academia
1088 1583 1234 1619 Lugduno
1245 1596 1256 1603 -
1268 1580 1384 1608 Batava.
1426 1578 1590 1614 Respondit
1615 1577 1651 1606 ad
1675 1576 1819 1613 quaestio-

426 1642 491 1662 nem
511 1633 742 1663 Mathematicam
768 1635 802 1663 ab
828 1635 923 1663 eadem
944 1635 1094 1663 Facultate
1118 1631 1318 1670 propositam:
1341 1631 1492 1658 Theorema
1519 1628 1618 1656 Trium
1634 1627 1745 1656 Axium
1766 1636 1816 1655 ex-

423 1685 549 1722 plicetur
572 1692 598 1713 et
627 1695 680 1714 [mo
701 1686 827 1715 alterove
851 1687 973 1724 exemplo
994 1686 1172 1714 illustretur.

333 1774 401 1812 (3)
430 1785 449 1804 c,
460 1785 477 1804 ε
491 1785 511 1805 R
522 1785 595 1806 Atto
609 1787 629 1806 U
640 1787 652 1807 s
681 1787 701 1806 D
714 1786 731 1806 Ε
760 1787 806 1807 νο
817 1787 830 1806 s
844 1799 854 1814 ,
883 1778 1046 1807 Medicinae
1078 1772 1255 1806 Candidatus
1280 1774 1310 1803 in
1327 1772 1480 1803 Academia
1503 1772 1649 1809 Lugiuno
1659 1785 1673 1794 ·
1683 1771 1785 1801 Batava
1796 1792 1807 1808 ,

431 1834 458 1855 et
479 1836 722 1857 CORNELIUS
747 1837 964 1858 ADRIANUS
998 1837 1073 1857 BER
1087 1837 1194 1857 osma
1208 1848 1218 1862 ‚
1241 1825 1336 1855 Math.
1359 1832 1387 1853 et
1408 1824 1519 1853 Philos.
1539 1823 1609 1853 Nat.
1639 1830 1666 1852 et
1692 1823 1819 1851 Medici·

430 1886 482 1906 nae
509 1880 683 1908 Candidatus
709 1879 738 1908 in
765 1880 917 1909 Academia
944 1878 1049 1909 Rheno
1059 1895 1072 1901 -
1083 1878 1249 1916 Trajectina
1259 1898 1269 1913 ,
1318 1875 1547 1911 Responderunt
1579 1875 1614 1903 ad
1638 1874 1817 1910 propositam

433 1928 468 1957 ab
488 1931 581 1958 eadem
602 1931 748 1959 Facultate
770 1931 935 1959 Chemicam
955 1930 1171 1968 quaestionem3
1201 1939 1240 1958 an
1256 1927 1492 1958 Inscrustationes
1512 1925 1662 1964 indlgenae
1676 1923 1733 1955 sint
1751 1924 1819 1953 Che-

432 1981 539 2016 metae,
568 1990 606 2009 an
627 1990 692 2011 vero
713 1983 788 2011 alias
814 1983 959 2020 orlglnis?
