1930 2448
275 117 296 146 6
714 109 757 140 G.
837 104 1368 138 RUITENSCHILD

279 198 357 227 forte
380 196 414 225 ad
431 194 571 224 librorum
594 201 739 222 sacrorum
763 190 1001 228 inspirationem,
1023 198 1140 225 eamque
1163 195 1331 226 argumento
1354 196 1416 217 esse
1441 189 1616 227 contendat,
1639 191 1721 228 plane
1738 191 1797 223 sin·

280 249 394 284 gulares
413 247 489 282 leges
506 245 535 274 in
553 253 646 274 earum
670 244 905 279 interpretatione
923 241 1095 271 adhibendas
1120 249 1195 270 esse.

318 299 375 327 Ast
394 297 502 325 homini
520 297 686 332 importuno
706 293 888 331 respondisse
907 292 1046 327 sufficiat,
1064 298 1194 320 auctores
1215 301 1311 321 sacros
1328 292 1355 322 in
1367 301 1421 328 eo,
1442 293 1521 329 quod
1538 293 1643 330 singuli
1663 293 1798 331 sibipro.

280 350 342 387 pria
361 358 392 378 ac
412 348 563 385 peculiaria
578 347 718 383 habeant,
742 355 806 375 cum
829 346 891 375 ali1s
911 345 1143 381 quibuscumque
1159 344 1325 372 auctoribus
1342 344 1516 380 convenire,
1541 354 1614 381 quos
1634 345 1706 374 inter
1723 354 1798 382 quo·

280 410 338 437 que
354 408 500 435 nunquam
517 408 575 428 non
591 407 723 436 magnum
744 398 896 427 discrimen
917 397 1070 426 observare
1088 397 1117 426 in
1133 404 1269 434 promptu
1288 405 1343 427 est.
1376 398 1466 436 Quod
1482 407 1550 427 vero
1570 400 1604 428 ad
1620 399 1798 436 Theopneu-

281 451 364 480 stiam
382 451 500 487 attinet,
525 450 664 486 quicquid
683 451 716 479 de
736 451 797 487 ejus
822 450 908 478 modo
927 449 1062 486 agitatum
1086 456 1129 477 est
1154 449 1353 484 quaestionum
1377 450 1411 478 ad
1433 450 1623 487 Theologiam
1646 451 1798 488 Dogmati·

281 511 342 530 cam
372 503 504 538 pertinet.
546 503 578 531 ld
604 502 716 538 quidem
742 509 776 529 ex
798 500 913 529 disertis
934 499 1177 536 promissionibus
1195 501 1263 537 Jesu
1280 500 1462 530 manifestum
1487 502 1622 537 videtur,
1651 510 1798 531 sacrorum

281 554 420 583 librorum
447 561 580 583 auctores
608 554 636 583 vi
656 554 751 590 divina
770 552 946 582 auxiliatrice
963 552 998 581 ab
1017 551 1097 581 omni
1114 560 1240 580 errorum
1261 552 1325 580 labe
1350 560 1479 581 servatos
1499 562 1561 581 esse
1585 553 1747 588 immunes,
1768 560 1798 582 et

282 605 485 642 benignissima
506 606 557 633 hac
574 605 681 634 Summi
703 605 839 634 Numinis
857 613 925 633 cura
941 604 1071 632 effectum
1089 612 1150 632 esse
1162 625 1172 640 ,
1195 611 1276 632 utne
1291 605 1355 640 quis
1378 604 1490 634 inscitia
1509 612 1556 633 aut
1575 605 1762 642 incogitantia
1781 614 1798 635 a

279 668 349 688 vero
374 658 527 686 aberraret.
566 657 612 686 Ex
639 657 681 685 liis
699 665 792 685 autem
814 657 867 685 etsi
885 664 1046 684 necessario
1061 656 1215 691 sequitur,
1239 656 1318 692 quod
1336 665 1490 691 numquam
1508 656 1592 684 nobis
1616 656 1686 693 eripi
1707 657 1800 693 patie·

281 719 344 738 mur
358 731 368 744 ,
392 709 558 738 universum
584 709 659 737 hunc
679 708 819 737 Codicem
844 707 984 736 librorum
1005 716 1070 736 cum
1088 708 1272 738 veneratione
1289 708 1405 744 scriptis
1425 707 1545 744 originis
1568 707 1679 736 divinae
1704 708 1799 738 debita

285 762 463 790 tractandum
478 781 488 796 ‚
510 769 562 789 nec
581 759 700 789 rationis
712 767 828 789 nostrae
849 760 966 788 modulo
982 758 1154 787 metiendum
1174 768 1255 795 esse,
1269 767 1448 795 nequaquam
1466 765 1558 788 tamen
1578 759 1644 788 hinc
1664 759 1733 788 effici
1746 769 1799 796 po·

281 820 361 848 test,
383 814 460 849 leges
473 833 483 848 ,
507 811 612 848 quibus
632 812 768 840 librorum
789 819 936 840 sacrorum
954 811 1094 848 interpres
1116 813 1314 849 obtemperare
1335 812 1455 848 debeat,
1477 813 1562 848 plane
1581 812 1711 842 diversas
1734 822 1799 843 esse

281 865 316 894 ab
335 865 369 893 iis
381 886 391 900 ,
415 865 522 899 quibus
543 864 682 892 librorum
701 864 890 893 humanorum
908 864 1079 900 interpretes
1097 864 1225 893 adstricti
1245 871 1323 894 sunt.

321 917 394 945 Sane
414 923 546 945 auctores
565 925 680 950 sacros,
703 925 826 952 quorum
839 925 942 945 munus
962 917 1146 952 postulabat,
1169 922 1201 944 ut
1222 915 1366 944 doctrinas
1385 915 1497 945 divinas
1510 915 1672 951 traderent,
1689 924 1798 952 nequa-

282 976 366 1003 quam
383 967 528 996 decuisset
543 967 605 995 illas
625 968 768 1004 ejusmodi
786 967 945 997 involucris
963 968 1118 997 verborum
1136 968 1299 1003 includere,
1321 977 1394 1004 quae
1413 977 1472 997 non
1489 966 1611 1004 intelligi
1626 975 1748 1004 possent
1761 967 1796 997 ab

279 1019 315 1046 iis
328 1039 338 1053 ,
362 1018 466 1053 quibus
485 1019 520 1046 ad
539 1025 631 1046 rectas
651 1027 746 1047 rerum
764 1021 933 1048 coelestium
951 1019 1070 1048 notitias
1091 1019 1288 1055 suscipiendas
1309 1026 1337 1048 et
1354 1019 1389 1048 ad
1406 1019 1489 1048 beate
1506 1019 1661 1049 vivendum
1677 1019 1800 1049 inservi-

279 1078 310 1097 re
323 1089 334 1104 ,
355 1075 383 1097 et
400 1077 522 1103 quorum
541 1078 585 1098 res
604 1070 683 1098 omni
702 1079 736 1098 cx
754 1077 832 1106 parte
847 1071 980 1108 adjuvare
1001 1070 1166 1098 studebant.
1207 1069 1283 1107 Quis
1307 1070 1404 1098 credat
1424 1079 1475 1099 eos
1495 1079 1566 1099 usos
1587 1079 1650 1099 esse
1669 1070 1796 1101 obscuro

279 1119 418 1155 loquendi
440 1127 544 1156 genere
557 1140 566 1155 ,
589 1121 666 1156 quod
683 1120 811 1149 omnium
830 1128 945 1155 captum
960 1121 1133 1156 superaret?
1174 1120 1234 1158 Qui
1252 1120 1282 1149 in
1298 1121 1415 1157 gratiam
1431 1121 1579 1150 homiuum
1596 1121 1774 1158 scripserunt
1785 1143 1796 1159 ,

279 1179 422 1207 nusquam
439 1178 607 1207 monenteS,
629 1180 659 1200 se
681 1180 696 1200 a
710 1171 778 1200 stilo
799 1171 924 1199 humano
943 1171 1116 1207 recessisse,
1137 1179 1197 1200 non
1217 1171 1272 1199 alio
1292 1171 1437 1199 scribendi
1454 1172 1541 1200 modo
1555 1192 1565 1207 ‚
1586 1172 1643 1201 nisi
1661 1180 1714 1208 eo,
1738 1182 1797 1209 quo

279 1222 411 1252 homines
428 1223 469 1251 uti
490 1224 605 1258 solent,
627 1223 674 1252 usi
693 1222 784 1255 fuisse
802 1222 936 1252 censendi
954 1229 1031 1252 sunt.
1071 1222 1199 1259 Singulis
1215 1230 1304 1258 porro
1324 1230 1411 1255 suum-
1425 1222 1575 1258 proprium
1594 1230 1637 1252 est
1654 1223 1800 1253 scribendi

282 1283 392 1311 genus,
414 1283 464 1303 sua
493 1274 615 1311 singulis
637 1274 755 1311 propria
778 1273 919 1303 sentiendi
941 1280 969 1302 et
986 1273 1132 1311 cogitandi
1152 1273 1237 1304 ratio.
1277 1273 1317 1302 Et
1335 1272 1502 1309 frequenter
1518 1283 1669 1305 versantur
1690 1276 1749 1314 ipsi
1768 1275 1798 1305 in

279 1327 506 1356 commendando
533 1327 671 1356 humanae
696 1326 815 1355 rationis
843 1335 898 1355 usu
918 1326 955 1356 ad
986 1325 1127 1355 librorum
1149 1328 1298 1354 sacrorum
1324 1333 1441 1354 sensum
1466 1327 1688 1362 explorandum.
1729 1327 1799 1359 Vid.

281 1377 369 1407 Rom.
388 1378 459 1406 XII:
481 1387 508 1406 1.
530 1384 557 1407 et
574 1380 657 1407 locus
678 1377 718 1406 ibi
735 1386 749 1406 a
766 1377 872 1416 Koppio
889 1377 941 1407 cit.
962 1377 993 1406 in
1009 1377 1109 1414 primis
1131 1383 1145 1407 1
1160 1377 1290 1406 coiux:
1307 1385 1348 1414 *15
1370 1378 1399 1406 e't
1421 1385 1434 1405 1
1448 1376 1541 1407 Thes.
1555 1378 1602 1407 V:
1625 1385 1675 1409 21.
1716 1377 1798 1416 Quin

283 1436 310 1457 ct
328 1429 356 1458 in
368 1429 529 1457 Auctorum
547 1429 709 1458 divinorum
725 1428 810 1458 dictis
825 1429 971 1458 laudandis
991 1436 1019 1458 et
1032 1429 1208 1465 explicandis
1220 1430 1255 1459 ad
1265 1430 1338 1460 hanc
1355 1438 1483 1459 normam
1502 1437 1533 1458 se
1549 1436 1798 1467 composuerunt,

285 1487 318 1509 ut
337 1480 408 1509 nihil
425 1489 439 1508 a
459 1480 602 1509 scribendi
619 1480 827 1509 consuetudine
845 1481 969 1511 alienum
987 1481 1212 1512 committerent.

321 1531 399 1560 Haec
418 1539 445 1559 et
462 1533 550 1560 multa
566 1533 618 1561 alia
638 1532 723 1561 nobis
739 1533 932 1570 persuadent,
954 1533 983 1564 in
1004 1532 1204 1571 Scriptoribus
1223 1533 1311 1564 sacris
1330 1532 1553 1570 interpretandis
1577 1533 1670 1562 eadem
1687 1533 1798 1562 ratione

281 1583 454 1611 versandum
472 1591 534 1611 esse
551 1589 635 1618 atque
655 1583 684 1612 in
701 1583 844 1613 humanis.
874 1585 917 1613 Ut
932 1585 965 1613 in
983 1585 1028 1614 his
1044 1586 1172 1621 legitime
1191 1585 1365 1621 explicandis
1378 1584 1486 1621 primae
1501 1590 1569 1612 sunt
1586 1591 1682 1621 partes
1693 1584 1798 1613 Gram'-

282 1633 451 1662 maticorum
481 1640 722 1670 praeceptorum,
745 1634 782 1662 ita
808 1635 838 1663 in
862 1635 919 1664 illis
948 1636 1044 1665 omnia
1065 1645 1082 1665 a
1108 1636 1309 1666 Grammaticis
1331 1635 1494 1672 praeceptis
1518 1636 1659 1671 pendeant
1678 1642 1797 1664 neccsse

283 1693 336 1714 est.
355 1685 372 1721 (
388 1685 435 1721 1).
477 1685 524 1714 Ab
542 1682 639 1714 eorum
659 1686 731 1714 vitio
749 1687 905 1716 cavendum
923 1695 967 1717 est
979 1709 989 1724 ,
1012 1689 1062 1724 qui
1076 1706 1091 1724 ‚=
1112 1687 1316 1724 qualicumque
1336 1695 1434 1715 rerum
1453 1686 1621 1723 cognitione
1636 1685 1728 1722 freti,
1746 1694 1798 1715 ne·

285 1736 386 1772 glectis
418 1737 524 1773 regulis
552 1737 774 1773 Grammaticis,
804 1738 959 1774 superbius
984 1748 1067 1775 quam
1094 1739 1190 1769 verius
1214 1739 1391 1774 decernant,
1414 1737 1544 1774 quisnam
1569 1737 1704 1772 scriptori
1731 1745 1796 1766 seu-

287 1796 335 1815 sus
368 1787 539 1816 tribuendus
564 1788 614 1817 sit.
658 1789 726 1817 Sol-:1
754 1789 900 1819 verborum
925 1789 1113 1828 intelligentia
1138 1797 1214 1819 certa
1238 1790 1273 1819 ab
1296 1789 1413 1819 incertis
1434 1794 1559 1825 possunt
1577 1787 1734 1824 distingui,
1763 1797 1795 1818 ac

286 1848 336 1875 per
353 1848 412 1868 eam
427 1840 462 1868 ad
482 1849 576 1868 rerum
592 1840 786 1877 cognitionem
805 1841 943 1878 progredi-
957 1842 1050 1875 datur.
1080 1842 1174 1880 Quam
1192 1841 1527 1875 ob,catisain-nuiiiquain-
1539 1839 1673 1867 laudibus
1681 1838 1795 1868 defrau,

284 1890 394 1920 dandus
414 1898 458 1920 est
476 1891 627 1920 Ernestius
638 1912 647 1927 ‚
671 1891 720 1927 qui
736 1892 869 1928 plurimis
887 1892 916 1925 in
935 1893 1007 1923 locis
1023 1892 1151 1922 omnium
1168 1889 1398 1923 studiosissimus
1413 1891 1442 1919 id
1456 1890 1532 1927 egit,
1554 1896 1586 1919 ut
1604 1889 1794 1918 Grammatica

1714 1950 1798 1978 prae-

316 2036 332 2068 (
347 2043 358 2062 1
374 2034 388 2069 )
414 2037 495 2065 Conf.
514 2037 629 2063 Ernesti?
646 2038 710 2065 Inst.
727 2041 826 2073 tuter-p.
844 2041 874 2067 P.
887 2041 908 2066 I.
928 2041 954 2067 S.
967 2041 990 2067 1.
1009 2041 1076 2072 Cap.
1090 2046 1111 2066 1.
1127 2038 1151 2072 §.
1166 2045 1204 2064 12.
1220 2044 1274 2065 etc.
1293 2038 1382 2064 sectio
1394 2037 1430 2064 II.
1449 2038 1536 2070 Caput
1549 2036 1570 2063 l.
1590 2041 1617 2061 et
1632 2035 1682 2062 111.
1706 2035 1795 2061 illm-115

285 2084 305 2109 1·
318 2089 342 2109 C·
362 2091 422 2117 Pag-
434 2091 465 2116 41
477 2091 562 2117 -43.
581 2086 613 2111 C·
629 2086 661 2111 Α.
676 2085 707 2112 Τ.
723 2086 835 2118 Remus,
853 2088 878 2112 in
895 2086 1033 2114 Ele-mentis
1049 2088 1250 2113 Hermenemices
1266 2086 1334 2111 Mari
1346 2086 1515 2116 Testamenti,
1533 2084 1639 2118 passim.

1713 2123 1795 2152 prae·
