<?xml version="1.0" encoding="UTF-8"?>
<!DOCTYPE html PUBLIC "-//W3C//DTD XHTML 1.0 Transitional//EN"
    "http://www.w3.org/TR/xhtml1/DTD/xhtml1-transitional.dtd">
<html xmlns="http://www.w3.org/1999/xhtml" xml:lang="en" lang="en">
 <head>
  <title>
</title>
<meta http-equiv="Content-Type" content="text/html;charset=utf-8" />
  <meta name='ocr-system' content='tesseract 3.04.00' />
  <meta name='ocr-capabilities' content='ocr_page ocr_carea ocr_par ocr_line ocrx_word'/>
</head>
<body>
  <div class='ocr_page' id='page_1' title='image "annalesacademiae22rijk_0305.png"; bbox 0 0 1930 2448; ppageno 0'>
   <div class='ocr_carea' id='block_1_1' title="bbox 375 117 1607 161">
    <p class='ocr_par' dir='ltr' id='par_1_1' title="bbox 375 117 1607 161">
     <span class='ocr_line' id='line_1_1' title="bbox 375 117 1607 161; baseline 0.002 -11"><span class='ocrx_word' id='word_1_1' title='bbox 375 118 604 151; x_wconf 80' lang='lat' dir='ltr'>RESPONSIO</span> <span class='ocrx_word' id='word_1_2' title='bbox 624 127 667 149; x_wconf 83' lang='lat' dir='ltr'>AD</span> <span class='ocrx_word' id='word_1_3' title='bbox 698 117 1011 158; x_wconf 81' lang='lat' dir='ltr'><strong>QUAESTIONEM</strong></span> <span class='ocrx_word' id='word_1_4' title='bbox 1039 119 1318 152; x_wconf 85' lang='lat' dir='ltr'>LITERARIAM.</span> <span class='ocrx_word' id='word_1_5' title='bbox 1573 133 1607 161; x_wconf 81' lang='lat'>13</span> 
     </span>
    </p>
   </div>
   <div class='ocr_carea' id='block_1_2' title="bbox 93 197 1610 551">
    <p class='ocr_par' dir='ltr' id='par_1_2' title="bbox 93 197 1610 551">
     <span class='ocr_line' id='line_1_2' title="bbox 96 197 1607 245; baseline -0.001 -9"><span class='ocrx_word' id='word_1_6' title='bbox 96 206 240 245; x_wconf 77' lang='lat' dir='ltr'>neglexit,</span> <span class='ocrx_word' id='word_1_7' title='bbox 262 204 313 234; x_wconf 87' lang='lat' dir='ltr'>sed</span> <span class='ocrx_word' id='word_1_8' title='bbox 337 203 445 241; x_wconf 84' lang='lat' dir='ltr'>insigni</span> <span class='ocrx_word' id='word_1_9' title='bbox 465 203 661 233; x_wconf 90' lang='lat' dir='ltr'>munificentia</span> <span class='ocrx_word' id='word_1_10' title='bbox 685 209 713 231; x_wconf 86' lang='lat' dir='ltr'>et</span> <span class='ocrx_word' id='word_1_11' title='bbox 739 201 926 237; x_wconf 82' lang='lat' dir='ltr'>liberalitate,</span> <span class='ocrx_word' id='word_1_12' title='bbox 957 202 1098 238; x_wconf 83' lang='lat' dir='ltr'>quidquid</span> <span class='ocrx_word' id='word_1_13' title='bbox 1120 203 1210 233; x_wconf 86' lang='lat' dir='ltr'>literis</span> <span class='ocrx_word' id='word_1_14' title='bbox 1235 211 1321 241; x_wconf 88' lang='lat' dir='ltr'>atque</span> <span class='ocrx_word' id='word_1_15' title='bbox 1346 197 1466 234; x_wconf 87' lang='lat' dir='ltr'>eruditis</span> <span class='ocrx_word' id='word_1_16' title='bbox 1498 206 1607 235; x_wconf 88' lang='lat' dir='ltr'>emolu-</span> 
     </span>
     <span class='ocr_line' id='line_1_3' title="bbox 96 252 1605 294; baseline -0.001 -6"><span class='ocrx_word' id='word_1_17' title='bbox 96 265 194 289; x_wconf 84' lang='lat' dir='ltr'>mento</span> <span class='ocrx_word' id='word_1_18' title='bbox 218 266 280 286; x_wconf 85' lang='lat' dir='ltr'>esse</span> <span class='ocrx_word' id='word_1_19' title='bbox 299 262 432 293; x_wconf 81' lang='lat' dir='ltr'>poterat,</span> <span class='ocrx_word' id='word_1_20' title='bbox 465 254 661 292; x_wconf 77' lang='lat' dir='ltr'>comparavit,</span> <span class='ocrx_word' id='word_1_21' title='bbox 683 254 812 290; x_wconf 88' lang='lat' dir='ltr'>undique</span> <span class='ocrx_word' id='word_1_22' title='bbox 840 252 931 282; x_wconf 84' lang='lat' dir='ltr'>libros</span> <span class='ocrx_word' id='word_1_23' title='bbox 955 254 1095 291; x_wconf 77' lang='lat' dir='ltr'>collegit,</span> <span class='ocrx_word' id='word_1_24' title='bbox 1119 263 1145 284; x_wconf 93' lang='lat' dir='ltr'>et</span> <span class='ocrx_word' id='word_1_25' title='bbox 1171 255 1244 284; x_wconf 89' lang='lat' dir='ltr'>inter</span> <span class='ocrx_word' id='word_1_26' title='bbox 1273 256 1346 293; x_wconf 83' lang='lat' dir='ltr'>alia,</span> <span class='ocrx_word' id='word_1_27' title='bbox 1369 256 1420 286; x_wconf 91' lang='lat' dir='ltr'>illo</span> <span class='ocrx_word' id='word_1_28' title='bbox 1446 263 1605 294; x_wconf 76' lang='lat' dir='ltr'>regnante,</span> 
     </span>
     <span class='ocr_line' id='line_1_4' title="bbox 95 304 1609 346; baseline -0.001 -7"><span class='ocrx_word' id='word_1_29' title='bbox 95 310 171 339; x_wconf 82' lang='lat' dir='ltr'>facta</span> <span class='ocrx_word' id='word_1_30' title='bbox 199 315 243 338; x_wconf 88' lang='lat' dir='ltr'>est</span> <span class='ocrx_word' id='word_1_31' title='bbox 267 307 362 337; x_wconf 82' lang='lat' dir='ltr'>versio</span> <span class='ocrx_word' id='word_1_32' title='bbox 387 307 567 344; x_wconf 84' lang='lat' dir='ltr'><strong>septuaginta</strong></span> <span class='ocrx_word' id='word_1_33' title='bbox 591 306 778 342; x_wconf 85' lang='lat' dir='ltr'>interpretum</span> <span class='ocrx_word' id='word_1_34' title='bbox 810 304 874 341; x_wconf 81' lang='lat'>(28</span> <span class='ocrx_word' id='word_1_35' title='bbox 888 305 914 344; x_wconf 84' lang='lat'>).</span> <span class='ocrx_word' id='word_1_36' title='bbox 955 305 1147 342; x_wconf 81' lang='lat' dir='ltr'>zenodotus,</span> <span class='ocrx_word' id='word_1_37' title='bbox 1176 307 1226 342; x_wconf 88' lang='lat' dir='ltr'>qui</span> <span class='ocrx_word' id='word_1_38' title='bbox 1249 317 1303 337; x_wconf 84' lang='lat' dir='ltr'>una</span> <span class='ocrx_word' id='word_1_39' title='bbox 1329 318 1393 337; x_wconf 88' lang='lat' dir='ltr'>cum</span> <span class='ocrx_word' id='word_1_40' title='bbox 1422 310 1609 346; x_wconf 77' lang='lat' dir='ltr'>Philadelpho</span> 
     </span>
     <span class='ocr_line' id='line_1_5' title="bbox 93 355 1610 397; baseline -0.004 -7"><span class='ocrx_word' id='word_1_41' title='bbox 93 361 222 391; x_wconf 82' lang='lat' dir='ltr'>Philetae</span> <span class='ocrx_word' id='word_1_42' title='bbox 236 359 329 388; x_wconf 84' lang='lat' dir='ltr'>fuerat</span> <span class='ocrx_word' id='word_1_43' title='bbox 344 357 505 395; x_wconf 83' lang='lat' dir='ltr'>discipulus</span> <span class='ocrx_word' id='word_1_44' title='bbox 516 379 526 394; x_wconf 78' lang='lat'>,</span> <span class='ocrx_word' id='word_1_45' title='bbox 543 356 742 385; x_wconf 83' lang='lat' dir='ltr'>Bibliothecae</span> <span class='ocrx_word' id='word_1_46' title='bbox 758 355 882 392; x_wconf 78' lang='lat' dir='ltr'>praefuit</span> <span class='ocrx_word' id='word_1_47' title='bbox 897 356 962 393; x_wconf 84' lang='lat'>(29</span> <span class='ocrx_word' id='word_1_48' title='bbox 975 357 991 393; x_wconf 86' lang='lat'><em>)</em></span> <span class='ocrx_word' id='word_1_49' title='bbox 1010 363 1038 384; x_wconf 86' lang='lat' dir='ltr'>et</span> <span class='ocrx_word' id='word_1_50' title='bbox 1053 359 1216 393; x_wconf 83' lang='lat' dir='ltr'>exemplum</span> <span class='ocrx_word' id='word_1_51' title='bbox 1233 359 1371 389; x_wconf 81' lang='lat' dir='ltr'>Demetrii</span> <span class='ocrx_word' id='word_1_52' title='bbox 1384 360 1514 390; x_wconf 83' lang='lat' dir='ltr'>Phalerei</span> <span class='ocrx_word' id='word_1_53' title='bbox 1530 369 1610 397; x_wconf 80' lang='lat' dir='ltr'>egre.</span> 
     </span>
     <span class='ocr_line' id='line_1_6' title="bbox 94 406 1609 449; baseline -0.003 -9"><span class='ocrx_word' id='word_1_54' title='bbox 94 412 140 449; x_wconf 84' lang='lat' dir='ltr'>gie</span> <span class='ocrx_word' id='word_1_55' title='bbox 162 418 278 440; x_wconf 85' lang='lat' dir='ltr'>secutus</span> <span class='ocrx_word' id='word_1_56' title='bbox 301 417 355 439; x_wconf 85' lang='lat' dir='ltr'>est.</span> <span class='ocrx_word' id='word_1_57' title='bbox 396 409 527 438; x_wconf 84' lang='lat' dir='ltr'>Athenae</span> <span class='ocrx_word' id='word_1_58' title='bbox 551 415 578 437; x_wconf 87' lang='lat' dir='ltr'>et</span> <span class='ocrx_word' id='word_1_59' title='bbox 602 408 725 436; x_wconf 88' lang='lat' dir='ltr'>Rhodus</span> <span class='ocrx_word' id='word_1_60' title='bbox 751 406 843 436; x_wconf 87' lang='lat' dir='ltr'>libros</span> <span class='ocrx_word' id='word_1_61' title='bbox 867 407 1087 444; x_wconf 78' lang='lat' dir='ltr'>suppeditarunt</span> <span class='ocrx_word' id='word_1_62' title='bbox 1118 409 1221 446; x_wconf 84' lang='lat'>(30).</span> <span class='ocrx_word' id='word_1_63' title='bbox 1261 411 1405 440; x_wconf 75' lang='lat' dir='ltr'>Praeterea</span> <span class='ocrx_word' id='word_1_64' title='bbox 1429 413 1609 441; x_wconf 72' lang='lat' dir='ltr'>Ptolemaeus</span> 
     </span>
     <span class='ocr_line' id='line_1_7' title="bbox 95 458 1610 500; baseline 0 -7"><span class='ocrx_word' id='word_1_65' title='bbox 95 462 300 499; x_wconf 85' lang='lat' dir='ltr'>Philadelphus</span> <span class='ocrx_word' id='word_1_66' title='bbox 320 462 367 490; x_wconf 91' lang='lat' dir='ltr'>vel</span> <span class='ocrx_word' id='word_1_67' title='bbox 389 461 479 497; x_wconf 83' lang='lat' dir='ltr'>ipsam</span> <span class='ocrx_word' id='word_1_68' title='bbox 504 459 711 489; x_wconf 86' lang='lat' dir='ltr'>Bibliothecam</span> <span class='ocrx_word' id='word_1_69' title='bbox 735 458 841 494; x_wconf 79' lang='lat' dir='ltr'>Nelei,</span> <span class='ocrx_word' id='word_1_70' title='bbox 866 467 938 493; x_wconf 89' lang='lat' dir='ltr'>quae</span> <span class='ocrx_word' id='word_1_71' title='bbox 960 458 1050 487; x_wconf 91' lang='lat' dir='ltr'>libros</span> <span class='ocrx_word' id='word_1_72' title='bbox 1069 459 1239 490; x_wconf 88' lang='lat' dir='ltr'>Aristotelis</span> <span class='ocrx_word' id='word_1_73' title='bbox 1269 469 1296 490; x_wconf 87' lang='lat' dir='ltr'>et</span> <span class='ocrx_word' id='word_1_74' title='bbox 1321 462 1519 500; x_wconf 79' lang='lat' dir='ltr'>Theophrasti</span> <span class='ocrx_word' id='word_1_75' title='bbox 1540 472 1610 493; x_wconf 86' lang='lat' dir='ltr'>con·</span> 
     </span>
     <span class='ocr_line' id='line_1_8' title="bbox 93 509 1326 551; baseline -0.002 -6"><span class='ocrx_word' id='word_1_76' title='bbox 93 514 221 551; x_wconf 83' lang='lat' dir='ltr'>tinebat,</span> <span class='ocrx_word' id='word_1_77' title='bbox 242 516 289 544; x_wconf 93' lang='lat' dir='ltr'>vel</span> <span class='ocrx_word' id='word_1_78' title='bbox 306 515 409 543; x_wconf 86' lang='lat' dir='ltr'>horum</span> <span class='ocrx_word' id='word_1_79' title='bbox 429 513 528 541; x_wconf 88' lang='lat' dir='ltr'>saltem</span> <span class='ocrx_word' id='word_1_80' title='bbox 544 511 683 541; x_wconf 87' lang='lat' dir='ltr'>librorum</span> <span class='ocrx_word' id='word_1_81' title='bbox 707 510 891 547; x_wconf 82' lang='lat' dir='ltr'>apographos</span> <span class='ocrx_word' id='word_1_82' title='bbox 915 509 1055 539; x_wconf 69' lang='lat' dir='ltr'>coemisse</span> <span class='ocrx_word' id='word_1_83' title='bbox 1075 510 1200 541; x_wconf 88' lang='lat' dir='ltr'>videtur.</span> <span class='ocrx_word' id='word_1_84' title='bbox 1223 513 1326 551; x_wconf 82' lang='lat'>(31).</span> 
     </span>
    </p>
   </div>
   <div class='ocr_carea' id='block_1_3' title="bbox 1537 568 1611 607">
    <p class='ocr_par' dir='ltr' id='par_1_3' title="bbox 1537 568 1611 607">
     <span class='ocr_line' id='line_1_9' title="bbox 1537 568 1611 607; baseline 0 -10"><span class='ocrx_word' id='word_1_85' title='bbox 1537 568 1611 607; x_wconf 89' lang='lat' dir='ltr'>Quis</span> 
     </span>
    </p>
   </div>
   <div class='ocr_carea' id='block_1_4' title="bbox 86 644 1612 1291">
    <p class='ocr_par' dir='ltr' id='par_1_4' title="bbox 92 644 1610 728">
     <span class='ocr_line' id='line_1_10' title="bbox 124 644 1610 684; baseline -0.008 -8"><span class='ocrx_word' id='word_1_86' title='bbox 124 649 142 684; x_wconf 83' lang='grc'>(</span> <span class='ocrx_word' id='word_1_87' title='bbox 155 650 216 684; x_wconf 88' lang='lat'>28)</span> <span class='ocrx_word' id='word_1_88' title='bbox 243 650 338 675; x_wconf 82' lang='lat' dir='ltr'>Faceta</span> <span class='ocrx_word' id='word_1_89' title='bbox 360 654 438 680; x_wconf 89' lang='lat' dir='ltr'>sunt,</span> <span class='ocrx_word' id='word_1_90' title='bbox 458 654 524 681; x_wconf 86' lang='lat' dir='ltr'>quae</span> <span class='ocrx_word' id='word_1_91' title='bbox 543 646 575 673; x_wconf 86' lang='lat' dir='ltr'>de</span> <span class='ocrx_word' id='word_1_92' title='bbox 593 653 626 680; x_wconf 87' lang='lat'>70</span> <span class='ocrx_word' id='word_1_93' title='bbox 648 645 848 679; x_wconf 83' lang='lat' dir='ltr'>Interpretibus</span> <span class='ocrx_word' id='word_1_94' title='bbox 874 644 953 670; x_wconf 80' lang='lat' dir='ltr'>habet</span> <span class='ocrx_word' id='word_1_95' title='bbox 975 644 1001 672; x_wconf 90' lang='lat' dir='ltr'>S.</span> <span class='ocrx_word' id='word_1_96' title='bbox 1019 645 1183 679; x_wconf 71' lang='lat' dir='ltr'>Epiphanius</span> <span class='ocrx_word' id='word_1_97' title='bbox 1196 664 1205 678; x_wconf 81' lang='lat'>‚</span> <span class='ocrx_word' id='word_1_98' title='bbox 1230 649 1250 675; x_wconf 74' lang='lat'>1,</span> <span class='ocrx_word' id='word_1_99' title='bbox 1267 649 1286 677; x_wconf 55' lang='grc' dir='ltr'>ι,</span> <span class='ocrx_word' id='word_1_100' title='bbox 1304 656 1331 682; x_wconf 65' lang='grc' dir='ltr'>Ρ,</span> <span class='ocrx_word' id='word_1_101' title='bbox 1346 649 1405 681; x_wconf 79' lang='lat'>566.</span> <span class='ocrx_word' id='word_1_102' title='bbox 1433 650 1559 683; x_wconf 49' lang='lat' dir='ltr'>imprimis</span> <span class='ocrx_word' id='word_1_103' title='bbox 1577 649 1610 675; x_wconf 67' lang='lat' dir='ltr'>de</span> 
     </span>
     <span class='ocr_line' id='line_1_11' title="bbox 92 697 691 728; baseline -0.003 -6"><span class='ocrx_word' id='word_1_104' title='bbox 92 697 204 723; x_wconf 84' lang='lat' dir='ltr'>mirabili</span> <span class='ocrx_word' id='word_1_105' title='bbox 227 697 320 722; x_wconf 89' lang='lat' dir='ltr'>horum</span> <span class='ocrx_word' id='word_1_106' title='bbox 342 697 522 728; x_wconf 86' lang='lat' dir='ltr'>Interpretum</span> <span class='ocrx_word' id='word_1_107' title='bbox 547 700 691 720; x_wconf 89' lang='lat' dir='ltr'>consensu.</span> 
     </span>
    </p>

    <p class='ocr_par' dir='ltr' id='par_1_5' title="bbox 124 735 636 776">
     <span class='ocr_line' id='line_1_12' title="bbox 124 735 636 776; baseline -0.004 -7"><span class='ocrx_word' id='word_1_108' title='bbox 124 740 209 776; x_wconf 87' lang='lat'><em>(29)</em></span> <span class='ocrx_word' id='word_1_109' title='bbox 235 742 296 770; x_wconf 89' lang='lat' dir='ltr'>Vid.</span> <span class='ocrx_word' id='word_1_110' title='bbox 314 741 425 772; x_wconf 85' lang='lat' dir='ltr'>Suidas,</span> <span class='ocrx_word' id='word_1_111' title='bbox 443 742 467 766; x_wconf 91' lang='lat' dir='ltr'>in</span> <span class='ocrx_word' id='word_1_112' title='bbox 485 735 636 772; x_wconf 67' lang='grc' dir='ltr'><em>Ζηνὸἕστος.</em></span> 
     </span>
    </p>

    <p class='ocr_par' dir='ltr' id='par_1_6' title="bbox 125 786 667 822">
     <span class='ocr_line' id='line_1_13' title="bbox 125 786 667 822; baseline -0.002 -8"><span class='ocrx_word' id='word_1_113' title='bbox 125 788 212 822; x_wconf 86' lang='lat'>(30)</span> <span class='ocrx_word' id='word_1_114' title='bbox 237 787 300 815; x_wconf 90' lang='lat' dir='ltr'>Vid.</span> <span class='ocrx_word' id='word_1_115' title='bbox 324 788 423 815; x_wconf 82' lang='lat' dir='ltr'>Athen.</span> <span class='ocrx_word' id='word_1_116' title='bbox 447 788 465 814; x_wconf 92' lang='lat' dir='ltr'>l.</span> <span class='ocrx_word' id='word_1_117' title='bbox 484 787 507 813; x_wconf 96' lang='grc' dir='ltr'>Ι.</span> <span class='ocrx_word' id='word_1_118' title='bbox 533 795 560 819; x_wconf 91' lang='lat' dir='ltr'>p.</span> <span class='ocrx_word' id='word_1_119' title='bbox 580 793 606 818; x_wconf 88' lang='lat'>3.</span> <span class='ocrx_word' id='word_1_120' title='bbox 634 786 667 813; x_wconf 87' lang='lat' dir='ltr'>B.</span> 
     </span>
    </p>

    <p class='ocr_par' dir='ltr' id='par_1_7' title="bbox 86 831 1612 1291">
     <span class='ocr_line' id='line_1_14' title="bbox 127 831 1610 876; baseline -0.001 -15"><span class='ocrx_word' id='word_1_121' title='bbox 127 834 213 868; x_wconf 84' lang='lat'>(31)</span> <span class='ocrx_word' id='word_1_122' title='bbox 239 835 390 862; x_wconf 84' lang='lat' dir='ltr'>Athenaeus</span> <span class='ocrx_word' id='word_1_123' title='bbox 419 834 481 861; x_wconf 88' lang='lat' dir='ltr'>Lib.</span> <span class='ocrx_word' id='word_1_124' title='bbox 494 832 517 860; x_wconf 93' lang='lat'>1.</span> <span class='ocrx_word' id='word_1_125' title='bbox 546 841 605 865; x_wconf 84' lang='lat' dir='ltr'>cap.</span> <span class='ocrx_word' id='word_1_126' title='bbox 623 840 638 858; x_wconf 86' lang='lat'>2</span> <span class='ocrx_word' id='word_1_127' title='bbox 642 847 782 860; x_wconf 83' lang='grc'><strong>........</strong></span> <span class='ocrx_word' id='word_1_128' title='bbox 807 831 985 866; x_wconf 69' lang='grc' dir='ltr'>Ἀριστοτέλη</span> <span class='ocrx_word' id='word_1_129' title='bbox 1005 843 1036 860; x_wconf 72' lang='grc' dir='ltr'>τε</span> <span class='ocrx_word' id='word_1_130' title='bbox 1055 834 1100 860; x_wconf 68' lang='grc' dir='ltr'>τὶν</span> <span class='ocrx_word' id='word_1_131' title='bbox 1126 833 1290 876; x_wconf 64' lang='grc' dir='ltr'><strong><em>Φιλόσοφον,</em></strong></span> <span class='ocrx_word' id='word_1_132' title='bbox 1316 838 1361 864; x_wconf 60' lang='grc' dir='ltr'>καὶ</span> <span class='ocrx_word' id='word_1_133' title='bbox 1384 839 1428 864; x_wconf 58' lang='grc' dir='ltr'>τὶν</span> <span class='ocrx_word' id='word_1_134' title='bbox 1449 840 1485 865; x_wconf 64' lang='lat' dir='ltr'>¹2·ae</span> <span class='ocrx_word' id='word_1_135' title='bbox 1512 840 1610 866; x_wconf 52' lang='grc' dir='ltr'>τούτων</span> 
     </span>
     <span class='ocr_line' id='line_1_15' title="bbox 92 877 1610 917; baseline 0.003 -9"><span class='ocrx_word' id='word_1_136' title='bbox 92 883 288 915; x_wconf 55' lang='lat' dir='ltr'>Bravniacum-a</span> <span class='ocrx_word' id='word_1_137' title='bbox 303 882 400 915; x_wconf 70' lang='grc' dir='ltr'><strong><em>βιβλίω</em></strong></span> <span class='ocrx_word' id='word_1_138' title='bbox 416 881 528 910; x_wconf 65' lang='grc' dir='ltr'><strong>Νηλέα,</strong></span> <span class='ocrx_word' id='word_1_139' title='bbox 546 879 606 912; x_wconf 67' lang='grc' dir='ltr'>παρ’</span> <span class='ocrx_word' id='word_1_140' title='bbox 624 877 652 905; x_wconf 68' lang='grc' dir='ltr'>οὗ</span> <span class='ocrx_word' id='word_1_141' title='bbox 671 878 734 912; x_wconf 66' lang='grc' dir='ltr'>Φησὶ</span> <span class='ocrx_word' id='word_1_142' title='bbox 755 881 845 906; x_wconf 58' lang='grc' dir='ltr'>πείνη-κ</span> <span class='ocrx_word' id='word_1_143' title='bbox 869 882 1005 912; x_wconf 75' lang='grc' dir='ltr'><em>πριάμενος</em></span> <span class='ocrx_word' id='word_1_144' title='bbox 1027 880 1038 905; x_wconf 79' lang='grc' dir='ltr'><strong>ὁ</strong></span> <span class='ocrx_word' id='word_1_145' title='bbox 1056 881 1188 913; x_wconf 53' lang='lat' dir='ltr'>{tueha-be,-</span> <span class='ocrx_word' id='word_1_146' title='bbox 1205 883 1333 915; x_wconf 65' lang='grc' dir='ltr'>βασιλεῦς</span> <span class='ocrx_word' id='word_1_147' title='bbox 1354 888 1532 917; x_wconf 59' lang='grc' dir='ltr'><em>Πτολεμαῖος.</em></span> <span class='ocrx_word' id='word_1_148' title='bbox 1567 885 1610 911; x_wconf 83' lang='lat' dir='ltr'>In-</span> 
     </span>
     <span class='ocr_line' id='line_1_16' title="bbox 90 926 1611 959; baseline 0.002 -4"><span class='ocrx_word' id='word_1_149' title='bbox 90 928 124 954; x_wconf 89' lang='lat' dir='ltr'>de</span> <span class='ocrx_word' id='word_1_150' title='bbox 151 928 280 955; x_wconf 84' lang='lat' dir='ltr'>credibile</span> <span class='ocrx_word' id='word_1_151' title='bbox 300 934 358 958; x_wconf 87' lang='lat' dir='ltr'>est,</span> <span class='ocrx_word' id='word_1_152' title='bbox 375 927 456 953; x_wconf 88' lang='lat' dir='ltr'>Nelei</span> <span class='ocrx_word' id='word_1_153' title='bbox 480 927 561 952; x_wconf 83' lang='lat' dir='ltr'>libros</span> <span class='ocrx_word' id='word_1_154' title='bbox 577 927 603 951; x_wconf 92' lang='lat' dir='ltr'>in</span> <span class='ocrx_word' id='word_1_155' title='bbox 623 927 776 957; x_wconf 86' lang='lat' dir='ltr'>Aegyptum</span> <span class='ocrx_word' id='word_1_156' title='bbox 802 927 948 953; x_wconf 68' lang='lat' dir='ltr'>transiisse.</span> <span class='ocrx_word' id='word_1_157' title='bbox 983 926 1054 951; x_wconf 70' lang='lat' dir='ltr'>Huic</span> <span class='ocrx_word' id='word_1_158' title='bbox 1075 927 1180 959; x_wconf 82' lang='lat' dir='ltr'>quidem</span> <span class='ocrx_word' id='word_1_159' title='bbox 1206 929 1337 955; x_wconf 78' lang='lat' dir='ltr'>Athenaei</span> <span class='ocrx_word' id='word_1_160' title='bbox 1359 932 1512 957; x_wconf 86' lang='lat' dir='ltr'>testimonio</span> <span class='ocrx_word' id='word_1_161' title='bbox 1529 933 1611 958; x_wconf 86' lang='lat' dir='ltr'>vehe-</span> 
     </span>
     <span class='ocr_line' id='line_1_17' title="bbox 92 972 1612 1008; baseline 0.001 -7"><span class='ocrx_word' id='word_1_162' title='bbox 92 982 195 1001; x_wconf 84' lang='lat' dir='ltr'>menter</span> <span class='ocrx_word' id='word_1_163' title='bbox 211 976 364 1001; x_wconf 78' lang='lat' dir='ltr'>obversatur</span> <span class='ocrx_word' id='word_1_164' title='bbox 380 974 487 1004; x_wconf 85' lang='lat' dir='ltr'>Strabo,</span> <span class='ocrx_word' id='word_1_165' title='bbox 507 974 554 1005; x_wconf 85' lang='lat' dir='ltr'>qui</span> <span class='ocrx_word' id='word_1_166' title='bbox 571 973 634 1000; x_wconf 91' lang='lat' dir='ltr'>Lib.</span> <span class='ocrx_word' id='word_1_167' title='bbox 648 972 723 997; x_wconf 86' lang='lat' dir='ltr'>XIII.</span> <span class='ocrx_word' id='word_1_168' title='bbox 749 980 777 1004; x_wconf 88' lang='lat' dir='ltr'>p.</span> <span class='ocrx_word' id='word_1_169' title='bbox 794 972 854 1003; x_wconf 88' lang='lat'>906.</span> <span class='ocrx_word' id='word_1_170' title='bbox 874 972 938 997; x_wconf 87' lang='lat' dir='ltr'>haec</span> <span class='ocrx_word' id='word_1_171' title='bbox 952 978 1056 998; x_wconf 83' lang='lat' dir='ltr'>narrat:</span> <span class='ocrx_word' id='word_1_172' title='bbox 1090 992 1107 1004; x_wconf 90' lang='lat'>,‚</span> <span class='ocrx_word' id='word_1_173' title='bbox 1128 974 1239 1006; x_wconf 87' lang='lat' dir='ltr'>Scepsin</span> <span class='ocrx_word' id='word_1_174' title='bbox 1258 977 1406 1008; x_wconf 88' lang='lat' dir='ltr'>protulisse</span> <span class='ocrx_word' id='word_1_175' title='bbox 1423 978 1538 1003; x_wconf 88' lang='lat' dir='ltr'>Neleum</span> <span class='ocrx_word' id='word_1_176' title='bbox 1557 980 1612 1004; x_wconf 83' lang='lat' dir='ltr'>Co·</span> 
     </span>
     <span class='ocr_line' id='line_1_18' title="bbox 89 1017 1608 1053; baseline 0.003 -7"><span class='ocrx_word' id='word_1_177' title='bbox 89 1022 155 1047; x_wconf 80' lang='lat' dir='ltr'>risci</span> <span class='ocrx_word' id='word_1_178' title='bbox 178 1021 259 1046; x_wconf 88' lang='lat' dir='ltr'>filium</span> <span class='ocrx_word' id='word_1_179' title='bbox 272 1039 281 1051; x_wconf 94' lang='lat'><strong>‚</strong></span> <span class='ocrx_word' id='word_1_180' title='bbox 299 1021 346 1053; x_wconf 88' lang='lat' dir='ltr'>qui</span> <span class='ocrx_word' id='word_1_181' title='bbox 371 1019 474 1046; x_wconf 87' lang='lat' dir='ltr'>auditor</span> <span class='ocrx_word' id='word_1_182' title='bbox 492 1019 545 1044; x_wconf 87' lang='lat' dir='ltr'>fuit</span> <span class='ocrx_word' id='word_1_183' title='bbox 564 1018 720 1044; x_wconf 80' lang='lat' dir='ltr'>Aristotelis</span> <span class='ocrx_word' id='word_1_184' title='bbox 740 1024 766 1043; x_wconf 89' lang='lat' dir='ltr'>et</span> <span class='ocrx_word' id='word_1_185' title='bbox 792 1017 991 1050; x_wconf 82' lang='lat' dir='ltr'>Theophrasti;</span> <span class='ocrx_word' id='word_1_186' title='bbox 1011 1024 1037 1042; x_wconf 88' lang='lat' dir='ltr'>et</span> <span class='ocrx_word' id='word_1_187' title='bbox 1056 1019 1103 1051; x_wconf 88' lang='lat' dir='ltr'>qui</span> <span class='ocrx_word' id='word_1_188' title='bbox 1124 1019 1204 1051; x_wconf 79' lang='lat' dir='ltr'>hujus</span> <span class='ocrx_word' id='word_1_189' title='bbox 1226 1021 1414 1047; x_wconf 85' lang='lat' dir='ltr'>bibliothecam</span> <span class='ocrx_word' id='word_1_190' title='bbox 1437 1025 1608 1050; x_wconf 81' lang='lat' dir='ltr'>successione</span> 
     </span>
     <span class='ocr_line' id='line_1_19' title="bbox 86 1064 1610 1101; baseline 0.001 -8"><span class='ocrx_word' id='word_1_191' title='bbox 86 1072 182 1093; x_wconf 87' lang='lat' dir='ltr'>nactus</span> <span class='ocrx_word' id='word_1_192' title='bbox 203 1072 260 1097; x_wconf 89' lang='lat' dir='ltr'>est,</span> <span class='ocrx_word' id='word_1_193' title='bbox 279 1067 305 1091; x_wconf 89' lang='lat' dir='ltr'>in</span> <span class='ocrx_word' id='word_1_194' title='bbox 333 1072 385 1097; x_wconf 85' lang='lat' dir='ltr'>qua</span> <span class='ocrx_word' id='word_1_195' title='bbox 412 1066 490 1091; x_wconf 88' lang='lat' dir='ltr'>etiam</span> <span class='ocrx_word' id='word_1_196' title='bbox 514 1064 667 1091; x_wconf 80' lang='lat' dir='ltr'>Aristotelis</span> <span class='ocrx_word' id='word_1_197' title='bbox 690 1064 742 1089; x_wconf 88' lang='lat' dir='ltr'>fuit</span> <span class='ocrx_word' id='word_1_198' title='bbox 759 1064 938 1094; x_wconf 31' lang='lat' dir='ltr'>*bibilothecm</span> <span class='ocrx_word' id='word_1_199' title='bbox 973 1064 1041 1089; x_wconf 82' lang='lat' dir='ltr'>Nam</span> <span class='ocrx_word' id='word_1_200' title='bbox 1061 1065 1220 1091; x_wconf 87' lang='lat' dir='ltr'>Aristoteles</span> <span class='ocrx_word' id='word_1_201' title='bbox 1247 1074 1318 1093; x_wconf 87' lang='lat' dir='ltr'>suam</span> <span class='ocrx_word' id='word_1_202' title='bbox 1344 1069 1532 1101; x_wconf 85' lang='lat' dir='ltr'>Theophrasto</span> <span class='ocrx_word' id='word_1_203' title='bbox 1560 1078 1610 1096; x_wconf 82' lang='lat' dir='ltr'>tra.</span> 
     </span>
     <span class='ocr_line' id='line_1_20' title="bbox 87 1111 1607 1145; baseline 0.001 -6"><span class='ocrx_word' id='word_1_204' title='bbox 87 1112 174 1144; x_wconf 81' lang='lat' dir='ltr'>didit,</span> <span class='ocrx_word' id='word_1_205' title='bbox 201 1113 246 1138; x_wconf 90' lang='lat' dir='ltr'>cui</span> <span class='ocrx_word' id='word_1_206' title='bbox 277 1118 305 1138; x_wconf 89' lang='lat' dir='ltr'>et</span> <span class='ocrx_word' id='word_1_207' title='bbox 336 1112 458 1138; x_wconf 82' lang='lat' dir='ltr'>Scholam</span> <span class='ocrx_word' id='word_1_208' title='bbox 486 1112 604 1144; x_wconf 86' lang='lat' dir='ltr'>reliquit.</span> <span class='ocrx_word' id='word_1_209' title='bbox 652 1111 758 1138; x_wconf 86' lang='lat' dir='ltr'>Primus</span> <span class='ocrx_word' id='word_1_210' title='bbox 785 1111 919 1143; x_wconf 83' lang='lat' dir='ltr'>omnium,</span> <span class='ocrx_word' id='word_1_211' title='bbox 946 1111 991 1143; x_wconf 87' lang='lat' dir='ltr'>qui</span> <span class='ocrx_word' id='word_1_212' title='bbox 1017 1111 1097 1137; x_wconf 76' lang='lat' dir='ltr'>nobis</span> <span class='ocrx_word' id='word_1_213' title='bbox 1123 1119 1185 1139; x_wconf 91' lang='lat' dir='ltr'>sunt</span> <span class='ocrx_word' id='word_1_214' title='bbox 1213 1114 1292 1145; x_wconf 90' lang='lat' dir='ltr'>noti,</span> <span class='ocrx_word' id='word_1_215' title='bbox 1317 1115 1479 1142; x_wconf 83' lang='lat' dir='ltr'>Aristoteles</span> <span class='ocrx_word' id='word_1_216' title='bbox 1511 1117 1607 1143; x_wconf 76' lang='lat' dir='ltr'>biblio.</span> 
     </span>
     <span class='ocr_line' id='line_1_21' title="bbox 87 1157 1607 1194; baseline 0 -8"><span class='ocrx_word' id='word_1_217' title='bbox 87 1160 192 1186; x_wconf 86' lang='lat' dir='ltr'>thecam</span> <span class='ocrx_word' id='word_1_218' title='bbox 218 1159 358 1185; x_wconf 87' lang='lat' dir='ltr'>conductis</span> <span class='ocrx_word' id='word_1_219' title='bbox 385 1159 462 1184; x_wconf 89' lang='lat' dir='ltr'>libris</span> <span class='ocrx_word' id='word_1_220' title='bbox 492 1158 667 1191; x_wconf 84' lang='lat' dir='ltr'>composuit,</span> <span class='ocrx_word' id='word_1_221' title='bbox 691 1157 772 1190; x_wconf 88' lang='lat' dir='ltr'>idque</span> <span class='ocrx_word' id='word_1_222' title='bbox 795 1157 910 1190; x_wconf 84' lang='lat' dir='ltr'>Aegypti</span> <span class='ocrx_word' id='word_1_223' title='bbox 934 1164 1011 1189; x_wconf 84' lang='lat' dir='ltr'>reges</span> <span class='ocrx_word' id='word_1_224' title='bbox 1034 1157 1124 1183; x_wconf 86' lang='lat' dir='ltr'>facere</span> <span class='ocrx_word' id='word_1_225' title='bbox 1144 1158 1248 1187; x_wconf 85' lang='lat' dir='ltr'>docuit.</span> <span class='ocrx_word' id='word_1_226' title='bbox 1285 1161 1485 1194; x_wconf 72' lang='lat' dir='ltr'>Theophrastus</span> <span class='ocrx_word' id='word_1_227' title='bbox 1508 1164 1607 1190; x_wconf 60' lang='lat' dir='ltr'>biblio-</span> 
     </span>
     <span class='ocr_line' id='line_1_22' title="bbox 86 1203 1609 1238; baseline 0.003 -6"><span class='ocrx_word' id='word_1_228' title='bbox 86 1207 190 1233; x_wconf 87' lang='lat' dir='ltr'>thecam</span> <span class='ocrx_word' id='word_1_229' title='bbox 213 1206 302 1232; x_wconf 88' lang='lat' dir='ltr'>Neleo</span> <span class='ocrx_word' id='word_1_230' title='bbox 327 1204 446 1230; x_wconf 87' lang='lat' dir='ltr'>tradidit.</span> <span class='ocrx_word' id='word_1_231' title='bbox 481 1204 536 1229; x_wconf 92' lang='lat' dir='ltr'>Hic</span> <span class='ocrx_word' id='word_1_232' title='bbox 565 1204 648 1229; x_wconf 89' lang='lat' dir='ltr'>libros</span> <span class='ocrx_word' id='word_1_233' title='bbox 673 1203 784 1236; x_wconf 87' lang='lat' dir='ltr'>Scepsin</span> <span class='ocrx_word' id='word_1_234' title='bbox 810 1204 950 1228; x_wconf 82' lang='lat' dir='ltr'>translatos</span> <span class='ocrx_word' id='word_1_235' title='bbox 973 1204 1089 1235; x_wconf 89' lang='lat' dir='ltr'>posteris</span> <span class='ocrx_word' id='word_1_236' title='bbox 1115 1205 1170 1231; x_wconf 87' lang='lat' dir='ltr'>suis</span> <span class='ocrx_word' id='word_1_237' title='bbox 1194 1206 1302 1238; x_wconf 89' lang='lat' dir='ltr'>reliquit</span> <span class='ocrx_word' id='word_1_238' title='bbox 1326 1208 1466 1234; x_wconf 83' lang='lat' dir='ltr'>ineruditis</span> <span class='ocrx_word' id='word_1_239' title='bbox 1491 1210 1609 1236; x_wconf 87' lang='lat' dir='ltr'>homini-</span> 
     </span>
     <span class='ocr_line' id='line_1_23' title="bbox 86 1249 1608 1291; baseline 0.003 -13"><span class='ocrx_word' id='word_1_240' title='bbox 86 1253 158 1284; x_wconf 91' lang='lat' dir='ltr'>bus,</span> <span class='ocrx_word' id='word_1_241' title='bbox 178 1253 225 1284; x_wconf 88' lang='lat' dir='ltr'>qui</span> <span class='ocrx_word' id='word_1_242' title='bbox 242 1252 346 1277; x_wconf 86' lang='lat' dir='ltr'>incurie</span> <span class='ocrx_word' id='word_1_243' title='bbox 363 1251 467 1284; x_wconf 88' lang='lat' dir='ltr'>positos</span> <span class='ocrx_word' id='word_1_244' title='bbox 489 1250 536 1276; x_wconf 85' lang='lat' dir='ltr'>sub</span> <span class='ocrx_word' id='word_1_245' title='bbox 561 1249 682 1276; x_wconf 83' lang='lat' dir='ltr'>clavibus</span> <span class='ocrx_word' id='word_1_246' title='bbox 704 1249 890 1279; x_wconf 78' lang='lat' dir='ltr'>retinuerunt3</span> <span class='ocrx_word' id='word_1_247' title='bbox 914 1256 1030 1281; x_wconf 87' lang='lat' dir='ltr'>cumque</span> <span class='ocrx_word' id='word_1_248' title='bbox 1049 1251 1227 1277; x_wconf 79' lang='lat' dir='ltr'>Attalicorum</span> <span class='ocrx_word' id='word_1_249' title='bbox 1251 1252 1364 1279; x_wconf 87' lang='lat' dir='ltr'>studium</span> <span class='ocrx_word' id='word_1_250' title='bbox 1390 1255 1608 1291; x_wconf 79' lang='lat' dir='ltr'>intellexissent,</span> 
     </span>
    </p>
   </div>
   <div class='ocr_carea' id='block_1_5' title="bbox 37 1295 1607 1333">
    <p class='ocr_par' dir='ltr' id='par_1_8' title="bbox 37 1295 1607 1333">
     <span class='ocr_line' id='line_1_24' title="bbox 37 1295 1607 1333; baseline 0.004 -9"><span class='ocrx_word' id='word_1_251' title='bbox 37 1316 40 1320; x_wconf 65' lang='grc'><em>»</em></span> <span class='ocrx_word' id='word_1_252' title='bbox 86 1300 184 1333; x_wconf 89' lang='lat' dir='ltr'>quibus</span> <span class='ocrx_word' id='word_1_253' title='bbox 209 1299 316 1331; x_wconf 84' lang='lat' dir='ltr'>Scepsis</span> <span class='ocrx_word' id='word_1_254' title='bbox 341 1297 468 1330; x_wconf 83' lang='lat' dir='ltr'>parebat,</span> <span class='ocrx_word' id='word_1_255' title='bbox 492 1297 712 1329; x_wconf 85' lang='lat' dir='ltr'>conquirentium</span> <span class='ocrx_word' id='word_1_256' title='bbox 731 1295 816 1321; x_wconf 91' lang='lat' dir='ltr'>libros</span> <span class='ocrx_word' id='word_1_257' title='bbox 842 1295 872 1320; x_wconf 83' lang='lat' dir='ltr'>ad</span> <span class='ocrx_word' id='word_1_258' title='bbox 898 1295 1078 1322; x_wconf 83' lang='lat' dir='ltr'>instruendam</span> <span class='ocrx_word' id='word_1_259' title='bbox 1103 1299 1222 1330; x_wconf 84' lang='lat' dir='ltr'>Pergami</span> <span class='ocrx_word' id='word_1_260' title='bbox 1240 1299 1445 1327; x_wconf 75' lang='lat' dir='ltr'>bibliothecam:</span> <span class='ocrx_word' id='word_1_261' title='bbox 1466 1304 1513 1329; x_wconf 87' lang='lat' dir='ltr'>sub</span> <span class='ocrx_word' id='word_1_262' title='bbox 1535 1311 1607 1331; x_wconf 80' lang='lat' dir='ltr'>terra</span> 
     </span>
    </p>
   </div>
   <div class='ocr_carea' id='block_1_6' title="bbox 85 1342 1606 1425">
    <p class='ocr_par' dir='ltr' id='par_1_9' title="bbox 85 1342 1606 1425">
     <span class='ocr_line' id='line_1_25' title="bbox 85 1342 1606 1379; baseline 0.003 -8"><span class='ocrx_word' id='word_1_263' title='bbox 85 1353 148 1371; x_wconf 84' lang='lat' dir='ltr'>suos</span> <span class='ocrx_word' id='word_1_264' title='bbox 164 1346 190 1370; x_wconf 89' lang='lat' dir='ltr'>in</span> <span class='ocrx_word' id='word_1_265' title='bbox 208 1345 278 1370; x_wconf 82' lang='lat' dir='ltr'>fossa</span> <span class='ocrx_word' id='word_1_266' title='bbox 299 1343 408 1377; x_wconf 83' lang='lat' dir='ltr'>quadam</span> <span class='ocrx_word' id='word_1_267' title='bbox 428 1343 654 1373; x_wconf 85' lang='lat' dir='ltr'>occultaverunt,</span> <span class='ocrx_word' id='word_1_268' title='bbox 680 1342 718 1367; x_wconf 89' lang='lat' dir='ltr'>ibi</span> <span class='ocrx_word' id='word_1_269' title='bbox 745 1342 775 1367; x_wconf 79' lang='lat' dir='ltr'>ab</span> <span class='ocrx_word' id='word_1_270' title='bbox 795 1342 908 1366; x_wconf 88' lang='lat' dir='ltr'>humore</span> <span class='ocrx_word' id='word_1_271' title='bbox 926 1348 953 1368; x_wconf 80' lang='lat' dir='ltr'>et</span> <span class='ocrx_word' id='word_1_272' title='bbox 968 1343 1057 1369; x_wconf 70' lang='lat' dir='ltr'>brattis</span> <span class='ocrx_word' id='word_1_273' title='bbox 1077 1345 1204 1376; x_wconf 84' lang='lat' dir='ltr'>vitiatos,</span> <span class='ocrx_word' id='word_1_274' title='bbox 1231 1346 1332 1372; x_wconf 86' lang='lat' dir='ltr'>tandem</span> <span class='ocrx_word' id='word_1_275' title='bbox 1354 1349 1398 1379; x_wconf 91' lang='lat' dir='ltr'>qui</span> <span class='ocrx_word' id='word_1_276' title='bbox 1420 1356 1454 1375; x_wconf 78' lang='lat' dir='ltr'>ex</span> <span class='ocrx_word' id='word_1_277' title='bbox 1480 1358 1510 1376; x_wconf 82' lang='lat' dir='ltr'>ea</span> <span class='ocrx_word' id='word_1_278' title='bbox 1532 1358 1606 1377; x_wconf 74' lang='lat' dir='ltr'>erant</span> 
     </span>
     <span class='ocr_line' id='line_1_26' title="bbox 85 1387 1603 1425; baseline 0.004 -8"><span class='ocrx_word' id='word_1_279' title='bbox 85 1393 187 1425; x_wconf 86' lang='lat' dir='ltr'>stirpe,</span> <span class='ocrx_word' id='word_1_280' title='bbox 213 1391 365 1418; x_wconf 84' lang='lat' dir='ltr'>AristOtelis</span> <span class='ocrx_word' id='word_1_281' title='bbox 390 1389 621 1421; x_wconf 83' lang='lat' dir='ltr'>Theophrastique</span> <span class='ocrx_word' id='word_1_282' title='bbox 645 1388 731 1413; x_wconf 86' lang='lat' dir='ltr'>libros</span> <span class='ocrx_word' id='word_1_283' title='bbox 751 1387 906 1420; x_wconf 84' lang='lat' dir='ltr'>Apelliconi</span> <span class='ocrx_word' id='word_1_284' title='bbox 933 1389 1001 1422; x_wconf 87' lang='lat' dir='ltr'>Tejo</span> <span class='ocrx_word' id='word_1_285' title='bbox 1025 1392 1121 1423; x_wconf 70' lang='lat' dir='ltr'>[magna</span> <span class='ocrx_word' id='word_1_286' title='bbox 1147 1393 1260 1424; x_wconf 86' lang='lat' dir='ltr'>pecunia</span> <span class='ocrx_word' id='word_1_287' title='bbox 1288 1394 1478 1423; x_wconf 84' lang='lat' dir='ltr'>vendiderunt.</span> <span class='ocrx_word' id='word_1_288' title='bbox 1514 1398 1603 1423; x_wconf 83' lang='lat' dir='ltr'>Tene-</span> 
     </span>
    </p>
   </div>
   <div class='ocr_carea' id='block_1_7' title="bbox 35 1434 1599 1476">
    <p class='ocr_par' dir='ltr' id='par_1_10' title="bbox 35 1434 1599 1476">
     <span class='ocr_line' id='line_1_27' title="bbox 35 1434 1599 1476; baseline 0.001 -22"><span class='ocrx_word' id='word_1_289' title='bbox 35 1450 38 1454; x_wconf 97' lang='grc'><em>,</em></span> <span class='ocrx_word' id='word_1_290' title='bbox 84 1439 164 1464; x_wconf 85' lang='lat' dir='ltr'>batur</span> <span class='ocrx_word' id='word_1_291' title='bbox 180 1439 201 1464; x_wconf 79' lang='lat' dir='ltr'>is</span> <span class='ocrx_word' id='word_1_292' title='bbox 222 1438 349 1473; x_wconf 79' lang='lat' dir='ltr'>Apellico</span> <span class='ocrx_word' id='word_1_293' title='bbox 371 1437 504 1461; x_wconf 88' lang='lat' dir='ltr'>librorum</span> <span class='ocrx_word' id='word_1_294' title='bbox 522 1442 610 1461; x_wconf 83' lang='lat' dir='ltr'>amore</span> <span class='ocrx_word' id='word_1_295' title='bbox 637 1442 712 1468; x_wconf 86' lang='lat' dir='ltr'>quam</span> <span class='ocrx_word' id='word_1_296' title='bbox 733 1434 921 1467; x_wconf 83' lang='lat' dir='ltr'>philosophiae</span> <span class='ocrx_word' id='word_1_297' title='bbox 947 1436 1037 1462; x_wconf 88' lang='lat' dir='ltr'>studio</span> <span class='ocrx_word' id='word_1_298' title='bbox 1062 1439 1181 1470; x_wconf 83' lang='lat' dir='ltr'>majore,</span> <span class='ocrx_word' id='word_1_299' title='bbox 1207 1439 1296 1471; x_wconf 85' lang='lat' dir='ltr'>itaque</span> <span class='ocrx_word' id='word_1_300' title='bbox 1323 1445 1599 1476; x_wconf 43' lang='lat' dir='ltr'>mossarum-particu-</span> 
     </span>
    </p>
   </div>
   <div class='ocr_carea' id='block_1_8' title="bbox 80 1481 1606 2131">
    <p class='ocr_par' dir='ltr' id='par_1_11' title="bbox 81 1481 1606 1986">
     <span class='ocr_line' id='line_1_28' title="bbox 84 1481 1603 1523; baseline 0.003 -12"><span class='ocrx_word' id='word_1_301' title='bbox 84 1487 169 1511; x_wconf 85' lang='lat' dir='ltr'>larum</span> <span class='ocrx_word' id='word_1_302' title='bbox 192 1492 321 1518; x_wconf 85' lang='lat' dir='ltr'>quaerens</span> <span class='ocrx_word' id='word_1_303' title='bbox 340 1484 571 1514; x_wconf 83' lang='lat' dir='ltr'>instaurationem,</span> <span class='ocrx_word' id='word_1_304' title='bbox 597 1483 623 1507; x_wconf 91' lang='lat' dir='ltr'>in</span> <span class='ocrx_word' id='word_1_305' title='bbox 645 1489 731 1508; x_wconf 89' lang='lat' dir='ltr'>novos</span> <span class='ocrx_word' id='word_1_306' title='bbox 753 1481 833 1507; x_wconf 83' lang='lat' dir='ltr'>libros</span> <span class='ocrx_word' id='word_1_307' title='bbox 846 1482 989 1509; x_wconf 72' lang='lat' dir='ltr'>v‘transtulit</span> <span class='ocrx_word' id='word_1_308' title='bbox 1014 1485 1148 1517; x_wconf 78' lang='lat' dir='ltr'>exempla,</span> <span class='ocrx_word' id='word_1_309' title='bbox 1168 1486 1272 1511; x_wconf 87' lang='lat' dir='ltr'>lacunas</span> <span class='ocrx_word' id='word_1_310' title='bbox 1300 1494 1351 1512; x_wconf 88' lang='lat' dir='ltr'>non</span> <span class='ocrx_word' id='word_1_311' title='bbox 1377 1496 1449 1515; x_wconf 78' lang='lat' dir='ltr'>recte</span> <span class='ocrx_word' id='word_1_312' title='bbox 1472 1491 1603 1523; x_wconf 80' lang='lat' dir='ltr'>implens,</span> 
     </span>
     <span class='ocr_line' id='line_1_29' title="bbox 85 1524 1604 1567; baseline 0.003 -10"><span class='ocrx_word' id='word_1_313' title='bbox 85 1531 222 1563; x_wconf 83' lang='lat' dir='ltr'>ediditque</span> <span class='ocrx_word' id='word_1_314' title='bbox 247 1524 331 1556; x_wconf 81' lang='lat' dir='ltr'>libros</span> <span class='ocrx_word' id='word_1_315' title='bbox 354 1530 507 1555; x_wconf 85' lang='lat' dir='ltr'>mendorum</span> <span class='ocrx_word' id='word_1_316' title='bbox 530 1531 636 1562; x_wconf 86' lang='lat' dir='ltr'>plenos.</span> <span class='ocrx_word' id='word_1_317' title='bbox 672 1529 729 1554; x_wconf 90' lang='lat' dir='ltr'>Usu</span> <span class='ocrx_word' id='word_1_318' title='bbox 761 1529 838 1553; x_wconf 89' lang='lat' dir='ltr'>venit</span> <span class='ocrx_word' id='word_1_319' title='bbox 860 1529 1047 1562; x_wconf 82' lang='lat' dir='ltr'>Peripateticis</span> <span class='ocrx_word' id='word_1_320' title='bbox 1071 1532 1203 1563; x_wconf 85' lang='lat' dir='ltr'>antiquis,</span> <span class='ocrx_word' id='word_1_321' title='bbox 1233 1533 1279 1564; x_wconf 91' lang='lat' dir='ltr'>qui</span> <span class='ocrx_word' id='word_1_322' title='bbox 1306 1540 1366 1565; x_wconf 84' lang='lat' dir='ltr'>post</span> <span class='ocrx_word' id='word_1_323' title='bbox 1390 1534 1604 1567; x_wconf 80' lang='lat' dir='ltr'>Theophrastum</span> 
     </span>
     <span class='ocr_line' id='line_1_30' title="bbox 83 1574 1603 1612; baseline 0.003 -9"><span class='ocrx_word' id='word_1_324' title='bbox 83 1574 226 1606; x_wconf 81' lang='lat' dir='ltr'>vixerunt,</span> <span class='ocrx_word' id='word_1_325' title='bbox 246 1584 304 1603; x_wconf 90' lang='lat' dir='ltr'>cum</span> <span class='ocrx_word' id='word_1_326' title='bbox 320 1578 428 1602; x_wconf 89' lang='lat' dir='ltr'>omnino</span> <span class='ocrx_word' id='word_1_327' title='bbox 442 1577 519 1602; x_wconf 89' lang='lat' dir='ltr'>libris</span> <span class='ocrx_word' id='word_1_328' title='bbox 536 1582 676 1606; x_wconf 84' lang='lat' dir='ltr'>carerent,</span> <span class='ocrx_word' id='word_1_329' title='bbox 694 1581 850 1608; x_wconf 82' lang='lat' dir='ltr'>paucosque</span> <span class='ocrx_word' id='word_1_330' title='bbox 868 1575 1009 1607; x_wconf 84' lang='lat' dir='ltr'>duntaxat,</span> <span class='ocrx_word' id='word_1_331' title='bbox 1028 1579 1176 1610; x_wconf 86' lang='lat' dir='ltr'>praecipue</span> <span class='ocrx_word' id='word_1_332' title='bbox 1202 1579 1377 1611; x_wconf 84' lang='lat' dir='ltr'>exotericos‚</span> <span class='ocrx_word' id='word_1_333' title='bbox 1404 1581 1535 1607; x_wconf 81' lang='lat' dir='ltr'>haberent</span> <span class='ocrx_word' id='word_1_334' title='bbox 1547 1601 1554 1612; x_wconf 94' lang='lat'><em>‚</em></span> <span class='ocrx_word' id='word_1_335' title='bbox 1574 1589 1603 1608; x_wconf 89' lang='lat' dir='ltr'>nt</span> 
     </span>
     <span class='ocr_line' id='line_1_31' title="bbox 83 1622 1606 1665; baseline 0.005 -16"><span class='ocrx_word' id='word_1_336' title='bbox 83 1625 154 1649; x_wconf 88' lang='lat' dir='ltr'>nulla</span> <span class='ocrx_word' id='word_1_337' title='bbox 169 1623 202 1649; x_wconf 88' lang='lat' dir='ltr'>de</span> <span class='ocrx_word' id='word_1_338' title='bbox 222 1630 250 1648; x_wconf 89' lang='lat' dir='ltr'>re</span> <span class='ocrx_word' id='word_1_339' title='bbox 263 1642 270 1654; x_wconf 87' lang='lat'><strong>‚</strong></span> <span class='ocrx_word' id='word_1_340' title='bbox 294 1623 427 1656; x_wconf 85' lang='lat' dir='ltr'>exquisite</span> <span class='ocrx_word' id='word_1_341' title='bbox 449 1622 636 1656; x_wconf 84' lang='lat' dir='ltr'>pertractando</span> <span class='ocrx_word' id='word_1_342' title='bbox 654 1630 727 1654; x_wconf 84' lang='lat' dir='ltr'>eam,</span> <span class='ocrx_word' id='word_1_343' title='bbox 744 1622 929 1655; x_wconf 82' lang='lat' dir='ltr'>philosophari</span> <span class='ocrx_word' id='word_1_344' title='bbox 948 1632 1077 1656; x_wconf 85' lang='lat' dir='ltr'>possent,</span> <span class='ocrx_word' id='word_1_345' title='bbox 1098 1625 1145 1652; x_wconf 90' lang='lat' dir='ltr'>sed</span> <span class='ocrx_word' id='word_1_346' title='bbox 1170 1633 1268 1653; x_wconf 83' lang='lat' dir='ltr'>tantum</span> <span class='ocrx_word' id='word_1_347' title='bbox 1289 1628 1321 1653; x_wconf 90' lang='lat' dir='ltr'>de</span> <span class='ocrx_word' id='word_1_348' title='bbox 1342 1631 1490 1662; x_wconf 83' lang='lat' dir='ltr'>propositis</span> <span class='ocrx_word' id='word_1_349' title='bbox 1516 1631 1606 1665; x_wconf 74' lang='lat' dir='ltr'>dispu-</span> 
     </span>
     <span class='ocr_line' id='line_1_32' title="bbox 85 1669 1604 1710; baseline 0.005 -15"><span class='ocrx_word' id='word_1_350' title='bbox 85 1675 179 1696; x_wconf 84' lang='lat' dir='ltr'>tarent.</span> <span class='ocrx_word' id='word_1_351' title='bbox 216 1670 416 1695; x_wconf 82' lang='lat' dir='ltr'>Posterioribus</span> <span class='ocrx_word' id='word_1_352' title='bbox 439 1670 470 1694; x_wconf 89' lang='lat' dir='ltr'>ab</span> <span class='ocrx_word' id='word_1_353' title='bbox 497 1677 529 1695; x_wconf 90' lang='lat' dir='ltr'>eo</span> <span class='ocrx_word' id='word_1_354' title='bbox 556 1675 697 1702; x_wconf 87' lang='lat' dir='ltr'>tempore,</span> <span class='ocrx_word' id='word_1_355' title='bbox 717 1677 771 1702; x_wconf 93' lang='lat' dir='ltr'>quo</span> <span class='ocrx_word' id='word_1_356' title='bbox 791 1669 851 1695; x_wconf 84' lang='lat' dir='ltr'>libri</span> <span class='ocrx_word' id='word_1_357' title='bbox 877 1671 920 1696; x_wconf 85' lang='lat' dir='ltr'>isti</span> <span class='ocrx_word' id='word_1_358' title='bbox 947 1679 1007 1698; x_wconf 86' lang='lat' dir='ltr'>sunt</span> <span class='ocrx_word' id='word_1_359' title='bbox 1038 1673 1122 1705; x_wconf 87' lang='lat' dir='ltr'>editi,</span> <span class='ocrx_word' id='word_1_360' title='bbox 1150 1674 1255 1699; x_wconf 84' lang='lat' dir='ltr'>facilius</span> <span class='ocrx_word' id='word_1_361' title='bbox 1282 1675 1334 1700; x_wconf 88' lang='lat' dir='ltr'>fuit</span> <span class='ocrx_word' id='word_1_362' title='bbox 1363 1677 1548 1710; x_wconf 82' lang='lat' dir='ltr'>philosophari</span> <span class='ocrx_word' id='word_1_363' title='bbox 1577 1686 1604 1704; x_wconf 75' lang='lat' dir='ltr'>et</span> 
     </span>
     <span class='ocr_line' id='line_1_33' title="bbox 82 1715 1604 1755; baseline 0.005 -12"><span class='ocrx_word' id='word_1_364' title='bbox 82 1717 254 1744; x_wconf 75' lang='lat' dir='ltr'>Aristotelem</span> <span class='ocrx_word' id='word_1_365' title='bbox 281 1716 398 1746; x_wconf 86' lang='lat' dir='ltr'>imitari,</span> <span class='ocrx_word' id='word_1_366' title='bbox 417 1723 573 1748; x_wconf 82' lang='lat' dir='ltr'>quamquam</span> <span class='ocrx_word' id='word_1_367' title='bbox 597 1717 631 1741; x_wconf 93' lang='lat' dir='ltr'>ob</span> <span class='ocrx_word' id='word_1_368' title='bbox 650 1715 806 1742; x_wconf 86' lang='lat' dir='ltr'>mendorum</span> <span class='ocrx_word' id='word_1_369' title='bbox 839 1719 1036 1745; x_wconf 80' lang='lat' dir='ltr'>multitudinem</span> <span class='ocrx_word' id='word_1_370' title='bbox 1064 1728 1232 1752; x_wconf 82' lang='lat' dir='ltr'>cogerentur</span> <span class='ocrx_word' id='word_1_371' title='bbox 1248 1723 1328 1747; x_wconf 83' lang='lat' dir='ltr'>multa</span> <span class='ocrx_word' id='word_1_372' title='bbox 1354 1724 1530 1755; x_wconf 79' lang='lat' dir='ltr'>probabiliter</span> <span class='ocrx_word' id='word_1_373' title='bbox 1549 1733 1604 1750; x_wconf 83' lang='lat' dir='ltr'>mo-</span> 
     </span>
     <span class='ocr_line' id='line_1_34' title="bbox 84 1762 1599 1802; baseline 0.007 -17"><span class='ocrx_word' id='word_1_374' title='bbox 84 1762 119 1788; x_wconf 76' lang='lat' dir='ltr'>do</span> <span class='ocrx_word' id='word_1_375' title='bbox 139 1762 241 1789; x_wconf 84' lang='lat' dir='ltr'>dicere.</span> <span class='ocrx_word' id='word_1_376' title='bbox 277 1762 395 1787; x_wconf 81' lang='lat' dir='ltr'>Muitum</span> <span class='ocrx_word' id='word_1_377' title='bbox 419 1762 472 1787; x_wconf 91' lang='lat' dir='ltr'>huc</span> <span class='ocrx_word' id='word_1_378' title='bbox 497 1763 573 1787; x_wconf 85' lang='lat' dir='ltr'>etiam</span> <span class='ocrx_word' id='word_1_379' title='bbox 602 1763 690 1788; x_wconf 80' lang='lat' dir='ltr'>Roma</span> <span class='ocrx_word' id='word_1_380' title='bbox 713 1765 830 1789; x_wconf 84' lang='lat' dir='ltr'>contulit</span> <span class='ocrx_word' id='word_1_381' title='bbox 848 1764 961 1797; x_wconf 83' lang='lat' dir='ltr'>(statim</span> <span class='ocrx_word' id='word_1_382' title='bbox 986 1767 1053 1791; x_wconf 86' lang='lat' dir='ltr'>enim</span> <span class='ocrx_word' id='word_1_383' title='bbox 1071 1774 1084 1791; x_wconf 90' lang='lat' dir='ltr'>a</span> <span class='ocrx_word' id='word_1_384' title='bbox 1104 1774 1191 1792; x_wconf 88' lang='lat' dir='ltr'>morte</span> <span class='ocrx_word' id='word_1_385' title='bbox 1222 1768 1401 1800; x_wconf 77' lang='lat' dir='ltr'>Apellicontis</span> <span class='ocrx_word' id='word_1_386' title='bbox 1426 1771 1513 1802; x_wconf 84' lang='lat' dir='ltr'>Sylla,</span> <span class='ocrx_word' id='word_1_387' title='bbox 1539 1778 1599 1796; x_wconf 74' lang='lat' dir='ltr'>cun</span> 
     </span>
     <span class='ocr_line' id='line_1_35' title="bbox 82 1808 1596 1848; baseline 0.007 -15"><span class='ocrx_word' id='word_1_388' title='bbox 82 1810 198 1836; x_wconf 82' lang='lat' dir='ltr'>Athenas</span> <span class='ocrx_word' id='word_1_389' title='bbox 229 1809 360 1840; x_wconf 85' lang='lat' dir='ltr'>cepisset,</span> <span class='ocrx_word' id='word_1_390' title='bbox 384 1808 572 1834; x_wconf 86' lang='lat' dir='ltr'>bibliothecam</span> <span class='ocrx_word' id='word_1_391' title='bbox 599 1809 670 1835; x_wconf 87' lang='lat' dir='ltr'>illius</span> <span class='ocrx_word' id='word_1_392' title='bbox 697 1812 822 1843; x_wconf 76' lang='lat' dir='ltr'>recepit5</span> <span class='ocrx_word' id='word_1_393' title='bbox 847 1819 913 1843; x_wconf 82' lang='lat' dir='ltr'>quae</span> <span class='ocrx_word' id='word_1_394' title='bbox 936 1820 1016 1845; x_wconf 88' lang='lat' dir='ltr'>quum</span> <span class='ocrx_word' id='word_1_395' title='bbox 1040 1813 1093 1839; x_wconf 87' lang='lat' dir='ltr'>huc</span> <span class='ocrx_word' id='word_1_396' title='bbox 1121 1820 1191 1839; x_wconf 84' lang='lat' dir='ltr'>esset</span> <span class='ocrx_word' id='word_1_397' title='bbox 1223 1815 1315 1845; x_wconf 83' lang='lat' dir='ltr'>allata,</span> <span class='ocrx_word' id='word_1_398' title='bbox 1342 1815 1478 1848; x_wconf 81' lang='lat' dir='ltr'>Tyrannio</span> <span class='ocrx_word' id='word_1_399' title='bbox 1504 1824 1517 1841; x_wconf 86' lang='lat' dir='ltr'>a</span> <span class='ocrx_word' id='word_1_400' title='bbox 1550 1818 1596 1843; x_wconf 88' lang='lat' dir='ltr'>Bi-</span> 
     </span>
     <span class='ocr_line' id='line_1_36' title="bbox 81 1855 1596 1896; baseline 0.005 -15"><span class='ocrx_word' id='word_1_401' title='bbox 81 1855 233 1881; x_wconf 82' lang='lat' dir='ltr'>bliothecae</span> <span class='ocrx_word' id='word_1_402' title='bbox 254 1855 392 1887; x_wconf 79' lang='lat' dir='ltr'>praefecto</span> <span class='ocrx_word' id='word_1_403' title='bbox 417 1856 550 1886; x_wconf 68' lang='lat' dir='ltr'>obtinuit,</span> <span class='ocrx_word' id='word_1_404' title='bbox 569 1862 598 1881; x_wconf 91' lang='lat' dir='ltr'>ut</span> <span class='ocrx_word' id='word_1_405' title='bbox 624 1856 673 1882; x_wconf 89' lang='lat' dir='ltr'>sibi</span> <span class='ocrx_word' id='word_1_406' title='bbox 699 1864 789 1882; x_wconf 86' lang='lat' dir='ltr'>eorum</span> <span class='ocrx_word' id='word_1_407' title='bbox 810 1865 873 1884; x_wconf 87' lang='lat' dir='ltr'>usus</span> <span class='ocrx_word' id='word_1_408' title='bbox 893 1860 1112 1892; x_wconf 79' lang='lat' dir='ltr'>permitteretur,</span> <span class='ocrx_word' id='word_1_409' title='bbox 1136 1860 1216 1885; x_wconf 84' lang='lat' dir='ltr'>homo</span> <span class='ocrx_word' id='word_1_410' title='bbox 1235 1861 1390 1887; x_wconf 75' lang='lat' dir='ltr'>Aristotelis</span> <span class='ocrx_word' id='word_1_411' title='bbox 1415 1862 1596 1896; x_wconf 84' lang='lat' dir='ltr'>studiosus),</span> 
     </span>
     <span class='ocr_line' id='line_1_37' title="bbox 83 1900 1597 1943; baseline 0.007 -17"><span class='ocrx_word' id='word_1_412' title='bbox 83 1908 111 1926; x_wconf 87' lang='lat' dir='ltr'>et</span> <span class='ocrx_word' id='word_1_413' title='bbox 136 1902 266 1927; x_wconf 88' lang='lat' dir='ltr'>librorum</span> <span class='ocrx_word' id='word_1_414' title='bbox 285 1900 441 1926; x_wconf 87' lang='lat' dir='ltr'>venditores</span> <span class='ocrx_word' id='word_1_415' title='bbox 466 1903 588 1927; x_wconf 86' lang='lat' dir='ltr'>nonnulli</span> <span class='ocrx_word' id='word_1_416' title='bbox 611 1903 709 1935; x_wconf 88' lang='lat' dir='ltr'>ineptis</span> <span class='ocrx_word' id='word_1_417' title='bbox 729 1905 771 1929; x_wconf 81' lang='lat' dir='ltr'>usi</span> <span class='ocrx_word' id='word_1_418' title='bbox 798 1905 934 1936; x_wconf 80' lang='lat' dir='ltr'>librariis,</span> <span class='ocrx_word' id='word_1_419' title='bbox 960 1914 1046 1939; x_wconf 89' lang='lat' dir='ltr'>neque</span> <span class='ocrx_word' id='word_1_420' title='bbox 1075 1914 1135 1932; x_wconf 88' lang='lat' dir='ltr'>cum</span> <span class='ocrx_word' id='word_1_421' title='bbox 1162 1910 1304 1941; x_wconf 81' lang='lat' dir='ltr'>exemplari</span> <span class='ocrx_word' id='word_1_422' title='bbox 1337 1909 1470 1943; x_wconf 81' lang='lat' dir='ltr'>descripta</span> <span class='ocrx_word' id='word_1_423' title='bbox 1493 1919 1597 1943; x_wconf 71' lang='lat' dir='ltr'>compa-</span> 
     </span>
     <span class='ocr_line' id='line_1_38' title="bbox 83 1946 1598 1986; baseline 0.007 -13"><span class='ocrx_word' id='word_1_424' title='bbox 83 1955 188 1977; x_wconf 81' lang='lat' dir='ltr'>rantes,</span> <span class='ocrx_word' id='word_1_425' title='bbox 214 1946 286 1980; x_wconf 87' lang='lat' dir='ltr'>quod</span> <span class='ocrx_word' id='word_1_426' title='bbox 312 1954 338 1973; x_wconf 90' lang='lat' dir='ltr'>et</span> <span class='ocrx_word' id='word_1_427' title='bbox 363 1948 419 1973; x_wconf 81' lang='lat' dir='ltr'>aliis</span> <span class='ocrx_word' id='word_1_428' title='bbox 448 1948 549 1976; x_wconf 87' lang='lat' dir='ltr'>accidit</span> <span class='ocrx_word' id='word_1_429' title='bbox 575 1950 665 1982; x_wconf 81' lang='lat' dir='ltr'>libris,</span> <span class='ocrx_word' id='word_1_430' title='bbox 694 1952 740 1983; x_wconf 89' lang='lat' dir='ltr'>qui</span> <span class='ocrx_word' id='word_1_431' title='bbox 765 1953 958 1978; x_wconf 73' lang='lat' dir='ltr'>exscribuntur</span> <span class='ocrx_word' id='word_1_432' title='bbox 981 1951 1117 1978; x_wconf 82' lang='lat' dir='ltr'>vendendi</span> <span class='ocrx_word' id='word_1_433' title='bbox 1142 1960 1240 1986; x_wconf 82' lang='lat' dir='ltr'>causa,</span> <span class='ocrx_word' id='word_1_434' title='bbox 1267 1962 1292 1981; x_wconf 86' lang='lat' dir='ltr'>et</span> <span class='ocrx_word' id='word_1_435' title='bbox 1311 1956 1413 1982; x_wconf 83' lang='lat' dir='ltr'>Rornae</span> <span class='ocrx_word' id='word_1_436' title='bbox 1438 1964 1463 1983; x_wconf 88' lang='lat' dir='ltr'>et</span> <span class='ocrx_word' id='word_1_437' title='bbox 1486 1958 1598 1983; x_wconf 79' lang='lat' dir='ltr'>Alexan-</span> 
     </span>
    </p>

    <p class='ocr_par' dir='ltr' id='par_1_12' title="bbox 80 1994 1598 2131">
     <span class='ocr_line' id='line_1_39' title="bbox 80 1994 181 2022; baseline 0 -3"><span class='ocrx_word' id='word_1_438' title='bbox 80 1994 181 2022; x_wconf 81' lang='lat' dir='ltr'>driae.&#39;&#39;</span> 
     </span>
     <span class='ocr_line' id='line_1_40' title="bbox 117 2040 1597 2082; baseline 0.005 -15"><span class='ocrx_word' id='word_1_439' title='bbox 117 2041 147 2068; x_wconf 79' lang='lat' dir='ltr'>In</span> <span class='ocrx_word' id='word_1_440' title='bbox 167 2040 280 2069; x_wconf 73' lang='lat' dir='ltr'>eamdem</span> <span class='ocrx_word' id='word_1_441' title='bbox 297 2048 406 2074; x_wconf 85' lang='lat' dir='ltr'>quoque</span> <span class='ocrx_word' id='word_1_442' title='bbox 423 2044 575 2070; x_wconf 84' lang='lat' dir='ltr'>sententiam</span> <span class='ocrx_word' id='word_1_443' title='bbox 591 2044 757 2078; x_wconf 80' lang='lat' dir='ltr'>Plutarchus,</span> <span class='ocrx_word' id='word_1_444' title='bbox 775 2047 800 2072; x_wconf 91' lang='lat' dir='ltr'>in</span> <span class='ocrx_word' id='word_1_445' title='bbox 815 2048 894 2081; x_wconf 77' lang='lat' dir='ltr'>Syna,</span> <span class='ocrx_word' id='word_1_446' title='bbox 909 2048 1004 2080; x_wconf 85' lang='lat' dir='ltr'>p.468.</span> <span class='ocrx_word' id='word_1_447' title='bbox 1023 2048 1055 2074; x_wconf 87' lang='lat' dir='ltr'>A.</span> <span class='ocrx_word' id='word_1_448' title='bbox 1075 2048 1191 2080; x_wconf 79' lang='lat' dir='ltr'>scribit,</span> <span class='ocrx_word' id='word_1_449' title='bbox 1206 2050 1281 2082; x_wconf 82' lang='lat' dir='ltr'>cujus</span> <span class='ocrx_word' id='word_1_450' title='bbox 1298 2051 1379 2076; x_wconf 82' lang='lat' dir='ltr'>verba</span> <span class='ocrx_word' id='word_1_451' title='bbox 1396 2050 1448 2076; x_wconf 89' lang='lat' dir='ltr'>huc</span> <span class='ocrx_word' id='word_1_452' title='bbox 1468 2050 1597 2076; x_wconf 53' lang='lat' dir='ltr'>redeunt:</span> 
     </span>
     <span class='ocr_line' id='line_1_41' title="bbox 885 2094 1598 2131; baseline 0.006 -5"><span class='ocrx_word' id='word_1_453' title='bbox 885 2094 906 2120; x_wconf 81' lang='lat' dir='ltr'>B</span> <span class='ocrx_word' id='word_1_454' title='bbox 925 2100 940 2126; x_wconf 84' lang='lat'><strong>3</strong></span> <span class='ocrx_word' id='word_1_455' title='bbox 1520 2117 1537 2131; x_wconf 85' lang='lat'>‚‚</span> <span class='ocrx_word' id='word_1_456' title='bbox 1556 2097 1598 2123; x_wconf 71' lang='lat' dir='ltr'>lbi</span> 
     </span>
    </p>
   </div>
  </div>
 </body>
</html>
