1961 2438
325 116 346 146 8
831 113 1281 149 C.EKAMA

326 209 437 254 spicit,
461 215 497 243 ut
518 217 726 249 cunctorum,
752 220 948 253 quocunque
972 207 1099 251 singula
1122 212 1313 239 moveantur
1333 206 1450 247 modo,
1474 219 1645 254 corporum
1666 209 1796 243 illorum

327 269 587 309 conjunctionem
619 273 673 298 aut
707 266 978 309 disjunctionem,
1007 264 1193 307 adspicienti
1229 264 1376 305 quamvis
1413 263 1668 297 confusissimam
1703 278 1795 311 saepe

327 323 446 361 visam,
472 331 576 354 mente
600 330 704 354 tamen
727 329 757 354 et
784 323 914 365 ingenio
942 323 984 353 ita
1012 321 1172 363 cognitam
1203 319 1334 356 habeat,
1359 325 1396 351 ut
1425 320 1507 352 nihil
1534 332 1602 353 non
1626 324 1795 366 opinatum

327 379 450 416 videat,
477 379 556 410 nihil
585 390 650 409 non
677 379 850 410 certissime
877 377 1084 414 ordinatum,
1108 375 1189 407 nihil
1217 375 1306 419 quod
1326 387 1394 407 non
1420 375 1525 408 solum
1549 388 1617 410 non
1643 379 1794 423 provide·

333 436 395 471 rit,
422 434 476 465 sed
495 435 543 465 vel
563 436 595 466 in
616 434 723 467 futura
750 436 844 466 etiam
864 434 968 466 secula
986 432 1164 464 rediturum
1188 432 1367 474 praedicere
1396 444 1464 464 non
1488 434 1608 475 possit,
1631 435 1665 466 in
1689 437 1794 468 omni·

315 488 390 522 ‘bus
416 489 607 522 ineffabilem
638 492 813 535 suspiciens
840 497 872 522 et
903 490 1062 523 admirans
1094 489 1218 519 Summi
1249 489 1387 521 Naturae
1422 490 1576 523 Auctoris
1605 492 1794 535 sapientiam

322 552 354 577 et
376 546 590 589 prudentiam.

391 710 519 748 Verum
544 718 630 749 enim
655 728 732 750 vero
757 717 822 761 jam
857 717 951 750 nobis
969 725 1080 751 contra
1106 723 1378 763 repraesentemus
1405 715 1444 751 A'.
1458 717 1495 751 A.
1518 719 1557 751 H.
1571 719 1611 750 H.
1633 717 1789 749 Astrono-

326 778 434 810 mum,
458 775 514 816 qui
534 781 605 806 ante
631 774 736 806 secula
759 774 875 806 abhinc
903 782 1042 818 quatuor
1070 782 1124 806 aut
1151 777 1297 819 quinque
1320 774 1446 806 coelum
1471 777 1512 806 sit
1536 773 1789 816 contemplatus,

323 827 444 868 qualis,
472 837 507 861 ut
528 830 710 873 exemplum
735 830 929 867 habeamus,
963 830 1059 862 fuerit
1089 843 1277 863 JOANNES
1311 843 1357 862 DE
1387 841 1669 869 sacnonoscm
1691 839 1790 872 quem

322 890 476 925 magnum
503 885 601 917 seculi
630 886 746 917 decimi
769 888 852 917 tertii
878 887 992 918 Virum
1022 897 1060 918 eo
1083 887 1247 919 lubentius
1272 887 1417 930 appello,
1441 893 1472 918 et
1501 893 1654 929 tanquam
1678 892 1789 918 testem

321 938 483 980 produco,
517 941 605 984 quod
635 942 703 984 ejus
732 942 772 973 de
795 942 932 985 sphaera
960 942 1106 974 doctrina
1138 955 1194 986 per
1216 950 1368 976 centenos
1395 942 1511 975 deinde
1547 953 1649 974 annos
1672 942 1717 974 sic
1741 942 1788 973 vi-

322 993 410 1033 guit,
436 1003 471 1027 ut
491 1007 604 1029 omnes
628 1008 698 1029 eam
726 1004 936 1041 sequerentur
964 998 1100 1031 scholae.

363 1107 557 1150 Hujusmodi
584 1111 681 1153 igitur
715 1109 795 1141 coeli
831 1111 1083 1154 contemplator,
1114 1112 1281 1154 paululum
1320 1111 1424 1154 lucis,
1459 1120 1556 1155 quam
1592 1120 1610 1141 a
1632 1112 1785 1142 Veterum

319 1164 485 1196 nonnullis
507 1166 614 1198 forsan
642 1167 783 1209 accipere
812 1167 986 1209 potuisset,
1011 1168 1062 1199 vel
1092 1168 1301 1200 reformidans
1326 1167 1378 1199 vel
1408 1167 1596 1210 negligens,
1615 1166 1788 1199 fastuosam

317 1220 463 1258 quamvis
493 1222 652 1264 professus
685 1223 873 1262 scientiam,
907 1224 960 1254 vix
994 1230 1098 1255 tamen
1137 1235 1234 1268 supra
1271 1224 1388 1267 vulgus
1425 1233 1535 1267 sapere
1572 1221 1623 1255 vel
1650 1222 1787 1256 audebat

314 1273 365 1304 vel
391 1282 523 1318 poterat.

356 1389 532 1422 Hominum
559 1402 634 1424 sane
662 1404 769 1430 causa,
796 1395 921 1433 omnia,
944 1405 1026 1437 quae
1054 1400 1204 1432 exstant,
1236 1393 1315 1425 facta
1342 1403 1409 1425 esse
1431 1391 1492 1424 sibi
1515 1402 1701 1435 persuasum
1727 1391 1783 1424 ha·

314 1442 417 1484 bens,
447 1447 562 1479 horum
593 1448 793 1480 domicilium
828 1452 863 1481 in
898 1451 968 1493 ipso
995 1450 1110 1481 mundi
1143 1452 1241 1482 totius
1271 1456 1382 1481 centro
1415 1449 1558 1492 positum
1592 1449 1784 1492 opinabatur

314 1501 502 1542 immotum,
525 1503 657 1546 globum
682 1516 700 1536 e
720 1512 801 1537 terra
816 1512 848 1537 et
873 1517 955 1550 aqua
975 1506 1173 1543 conflatum,
1197 1518 1257 1538 suo
1284 1506 1427 1550 pondere
1448 1504 1591 1536 medium
1621 1515 1782 1548 occupan-

313 1559 377 1583 tem
397 1557 524 1599 locum,
548 1562 699 1600 inertem,
723 1563 893 1605 omnisque
921 1569 1083 1606 expertem
1107 1569 1235 1602 motus,
1258 1562 1403 1606 undique
1428 1561 1621 1594 rotundum.
1640 1579 1686 1587 —
1707 1563 1782 1593 Ter·

315 1620 367 1640 me
397 1609 443 1640 iffi
469 1616 500 1640 et
533 1617 643 1654 Aquae
676 1619 865 1660 contiguum
893 1619 1026 1661 putabat
1055 1620 1167 1650 Aerem
1202 1625 1234 1650 et
1269 1618 1519 1655 circumfusum3
1550 1618 1623 1648 Aeri
1651 1617 1781 1660 Ignem,

314 1676 411 1707 quem
435 1667 614 1698 somniabat
647 1680 775 1711 purum,
807 1690 851 1698 -—
891 1676 1015 1706 Horum
1048 1686 1125 1707 vero
1155 1677 1302 1707 omnium
1323 1673 1528 1717 complexum
1557 1672 1781 1705 elementarem

310 1721 490 1764 appellabat
517 1723 635 1754 Mundi
655 1728 824 1767 regionem.

314 1855 317 1858 Α
356 1833 412 1864 15ῐί
434 1836 556 1877 regioni
581 1840 760 1880 proximam
790 1843 937 1876 censebat
966 1847 1154 1888 regionem3
1186 1855 1284 1888 quam
1313 1842 1476 1875 coelestem
1502 1840 1709 1884 nuncupabat
1728 1840 1779 1872 vel

314 1889 515 1930 Λθΐῖὶθηῖῑῃῖ,
537 1891 673 1925 lucidam
700 1907 770 1928 eam
790 1906 821 1931 et
838 1908 951 1933 natura
978 1912 1035 1933 sua
1057 1901 1311 1940 immutabilem,
1344 1899 1400 1932 sed
1430 1910 1511 1942 quae
1541 1899 1622 1929 circa
1645 1895 1781 1929 elemen-

316 1951 415 1977 earem
440 1946 620 1980 volveretur
644 1959 767 1992 semper
791 1962 881 1987 motu
910 1957 1065 1991 circulari.

1744 2066 1781 2098 In
