1961 2438
339 107 379 151 38
848 101 1301 139 QEKAMA

339 205 381 227 ue
415 193 539 228 laudem
566 192 716 227 victoriae
751 195 930 236 proximam
954 196 1141 235 reportans,
1170 197 1260 223 nunc
1285 196 1363 221 vero
1382 197 1401 221 e
1426 194 1538 222 nostro
1563 191 1684 236 ipsam,
1706 190 1812 237 quam<

320 294 323 297 Α
343 250 597 295 gratulabundus
628 250 740 290 trado,
761 251 920 282 Victoriae
946 249 1097 294 palmam.

383 365 582 398 Medicorum
598 364 687 396 Ordo
703 363 830 396 laurum
843 364 1013 397 Victricem
1031 361 1142 395 tribuit
1159 370 1356 394 GERARDO
1379 370 1577 394 αοιτιιΔυο
1598 372 1808 397 naumann

338 431 549 454 Soumetia
577 420 656 466 (6)!
688 422 806 454 eximio
836 420 972 460 Juveui,
1005 419 1186 452 Medicinae
1221 418 1419 458 Candidatu,
1453 430 1529 451 cum
1555 419 1686 453 dotibus
1712 432 1804 465 prae·

340 479 453 517 claris,
475 485 543 510 tum
570 479 709 522 insigni,
733 488 829 521 quam
850 484 923 509 ante
951 476 1119 508 biennium
1137 478 1201 519 jam
1221 486 1240 508 e
1259 475 1432 508 certamine
1450 477 1602 510 Botanico
1626 477 1716 518 tulit,
1735 478 1808 511 lau-

339 533 380 566 de
401 535 589 579 conspicuo.
656 535 746 567 Eheu
772 534 868 567 vero!
894 535 1059 577 inopinata
1081 532 1274 565 valetudinis
1301 532 1500 577 perturbatio
1528 536 1688 579 optimum
1712 538 1810 570 Juve-

340 602 415 623 nem
440 593 510 635 ipso
545 592 623 624 novi
649 591 782 624 honoris
808 590 926 634 gaudio
955 602 1044 622 nunc
1071 590 1219 624 exclusit.
1274 592 1342 623 Hoc
1379 597 1503 631 tamen,
1535 593 1578 624 ita
1614 593 1692 626 faxit
1721 596 1811 628 Deua

338 649 490 691 Optimus
513 647 686 680 Maximus]
719 647 843 680 fruatur
873 646 980 679 brevi!
1012 647 1221 690 restitutaque
1246 647 1428 680 valetudine
1461 648 1613 682 reddatur
1635 651 1721 692 sibi,
1750 663 1806 696 pa·

335 705 504 744 rentibus,
534 705 665 743 amicis,
696 704 971 748 praeceptoribus,
1000 704 1072 736 orbi
1090 703 1238 738 erudito!
1304 707 1373 751 Ego
1394 708 1514 739 interea
1543 707 1812 743 conservandum·

342 762 462 806 recipio
484 762 547 794 hoc
569 762 630 807 ipsi
655 761 849 794 destinatum
879 762 1068 806 praemium.

379 888 406 919 E
424 888 596 920 certamine
618 898 635 920 a
653 888 963 921 Iurisconsultorum
989 888 1111 922 Ordine
1141 887 1264 922 indicto
1283 889 1335 921 Tu
1357 889 1468 923 Victor
1496 888 1581 923 redis
1610 889 1811 926 nobilissime

335 955 418 977 vau
444 955 519 977 nan
542 956 645 978 naim
666 943 748 989 (7)!
793 946 847 978 Eu
875 946 1021 979 debitum
1049 947 1161 979 virtuti
1186 953 1261 979 tuae
1283 946 1473 991 praemium.
1515 948 1626 991 Magni
1653 959 1809 981 corno·

337 1012 482 1043 rnatu,
504 1013 601 1046 quem
628 1003 663 1034 in
694 1003 824 1034 scientia
851 1009 903 1035 tua
929 1003 1127 1047 praeclarum
1164 1003 1261 1035 habes
1295 1003 1479 1047 exemplum
1495 1027 1508 1043 ‚
1537 1005 1680 1049 vestigiis
1707 1016 1808 1050 porto

338 1059 475 1092 insistas.
520 1061 573 1093 Sic
590 1060 705 1093 Gentis
725 1069 831 1094 namt
843 1071 882 1093 [Α
894 1070 914 1095 ε
940 1060 1075 1105 gloriam
1093 1066 1126 1093 et
1141 1061 1192 1092 Tu
1211 1059 1309 1103 digne
1329 1058 1513 1093 sustinebis.

1727 1172 1815 1210 Ades

334 1336 405 1378 (6)
433 1346 647 1371 crunnus
679 1347 899 1371 conminus
938 1347 1194 1372 BERNARDUS
1223 1347 1465 1378 SURINGAR‚
1486 1339 1648 1371 Medicinae
1669 1337 1815 1371 Candidab

429 1397 476 1420 tus
504 1392 534 1422 in
561 1392 715 1422 AcademIa
743 1392 1038 1430 Lugnuno-Batava.
1077 1392 1243 1430 Respondit
1261 1393 1298 1422 ad
1318 1392 1515 1430 quaestionem
1535 1401 1551 1421 a
1574 1392 1661 1422 Nob.
1679 1391 1814 1421 Medico·

431 1451 494 1471 rum
513 1443 623 1472 Ordine
644 1444 844 1480 propositam3
874 1444 1013 1473 Naturae
1028 1445 1164 1473 animalis
1182 1444 1316 1481 facultas
1335 1443 1519 1473 admirabilis
1537 1450 1576 1472 est
1588 1465 1599 1480 ,
1620 1452 1693 1481 quae
1707 1441 1813 1472 solidae

429 1495 570 1532 compagis
589 1494 735 1530 Vulnera,
757 1495 863 1523 Ulcera
879 1502 906 1524 et
923 1495 1095 1531 Fracturas‚
1116 1494 1239 1534 adeoqne
1260 1496 1388 1524 solutum
1411 1497 1442 1523 in
1459 1502 1574 1534 corpore
1590 1495 1735 1530 animali,
1759 1502 1815 1522 ar·

427 1544 514 1580 tificio
541 1545 732 1582 inimitabili,
752 1545 927 1582 consolidat,
949 1546 1153 1585 redintegrat,
1174 1548 1311 1575 resarcit.
1331 1562 1368 1567 —
1396 1546 1488 1585 Super
1510 1546 1564 1574 hac
1587 1546 1726 1574 Naturae
1748 1546 1814 1574 ani·

428 1596 513 1626 malis
527 1596 676 1633 facultate
701 1604 728 1626 et
749 1596 847 1633 modo,
878 1606 931 1635 quo
958 1597 1033 1627 hanc
1057 1603 1190 1634 exercet,
1210 1597 1454 1634 Physioiogorum
1482 1596 1611 1626 diversae
1636 1603 1703 1626 sunt
1721 1596 1813 1635 expli·

426 1649 558 1679 cationes.
597 1648 787 1684 Eorundem,
809 1648 958 1677 exordiae
971 1650 1124 1688 temporis,
1145 1658 1199 1687 quo
1218 1650 1380 1688 propositae
1393 1648 1542 1685 fueram,
1562 1654 1745 1686 quaeruntur
1764 1656 1811 1676 re-

426 1701 537 1736 censi0‚
557 1701 683 1739 epierisis
706 1707 733 1729 et
754 1699 865 1729 demum
880 1700 1027 1735 judicium
1051 1700 1086 1730 de
1110 1701 1186 1737 illa,
1207 1709 1280 1738 quae
1303 1700 1484 1730 Oeconomiae
1508 1700 1645 1729 animalis
1664 1699 1808 1738 Legibus,

429 1750 564 1780 hactenus
582 1753 723 1791 cognitis,
744 1752 829 1782 hodie
856 1754 981 1785 maxime
996 1752 1131 1791 fundata
1154 1751 1281 1783 videtur.

335 1837 402 1876 (7)
425 1848 607 1877 JACOBus
637 1850 687 1872 nr.
699 1850 856 1873 NRIcus
885 1851 967 1874 vAN
997 1851 1082 1874 niza
1111 1850 1221 1874 amm
1233 1863 1245 1879 ‚
1261 1842 1327 1881 Jur.
1349 1840 1438 1872 Rom.
1461 1848 1490 1872 et
1505 1841 1586 1872 Hod.
1605 1840 1761 1871 studiosus
1779 1840 1809 1870 in

429 1892 582 1923 Academia
599 1892 863 1932 Lugduno·13atava
871 1916 884 1931 ‚
912 1895 1106 1933 conscripsit,
1128 1903 1212 1932 quam
1225 1894 1308 1924 Nob.
1324 1893 1605 1932 jurisconsultorum
1624 1893 1705 1922 Ordo
1725 1900 1812 1929 quae·

430 1942 515 1972 sierat
525 1965 537 1980 ‚
567 1944 831 1976 Commentationem
865 1947 900 1977 de
931 1947 1040 1979 meritis
1069 1957 1084 1987 J
1092 1956 1114 1979 Δ
1123 1955 1141 1978 c
1151 1956 1170 1978 o
1180 1956 1197 1978 Β
1207 1955 1219 1978 1
1247 1955 1269 1977 c
1278 1954 1297 1976 ο
1309 1954 1330 1977 τ
1340 1954 1361 1975 ir
1371 1954 1388 1975 ο
1398 1953 1416 1977 r
1426 1953 1446 1975 R
1455 1953 1474 1975 r.
1486 1953 1506 1975 1>
1516 1953 1528 1976 1
1562 1946 1595 1974 in
1627 1942 1810 1975 restituenda

427 1993 496 2023 XII
511 1995 636 2026 Tabulis.
