1961 2438
703 84 1091 125 oRAtrHO.
1597 94 1636 128 32

204 178 416 212 'Triumviros
441 176 551 210 itidem
572 177 743 232 sanctioris
761 169 955 222 Discipliuae
972 179 1139 210 Antistites
1165 177 1343 221 plurimum
1367 180 1561 213 reverendos
1588 192 1636 213 sa-

165 236 367 270 lutaresslicet
397 235 593 274 incolumes;
632 236 676 266 Te
707 233 825 276 inclyte
858 243 1032 265 voonsrt
1059 235 1117 265 Vir
1142 234 1351 266 amicissime!
1392 247 1489 279 quem
1523 239 1635 280 Magis·

145 301 250 325 ‘trum
268 293 343 335 jam·
359 291 436 323 olim
457 293 674 334 Franequerae
697 300 748 321 me
771 289 907 322 coluisse
936 301 1063 321 summa
1094 291 1244 322 recordor
1275 302 1335 334 ego
1360 294 1462 324 animi
1486 294 1634 338 volupta-

128 389 131 391 ,
160 357 211 388 te,
234 350 286 381 cui
308 354 466 391 quantum
494 348 527 378 in
549 347 611 378 hoc
634 350 787 378 Recturae
818 357 952 377 munere
978 357 1067 377 nunc
1099 345 1252 386 debeam,
1285 348 1428 379 consiliis
1454 351 1517 381 tuis
1541 350 1633 393 adju·

160 417 230 447 tus,
256 409 443 441 Actuarium
467 412 498 437 et
522 405 802 448 diligentissimum
829 409 861 434 et
885 401 1222 434 benevolentissimum
1243 405 1286 434 Te
1310 414 1435 447 semper
1456 413 1627 449 expertus,

159 465 264 509 palam
292 475 359 495 non
389 461 549 493 testificari
582 461 670 495 nolo.
721 462 764 492 Te
791 459 962 502 multiplici
994 459 1126 490 scientia
1158 459 1277 491 nobilis
1312 462 1525 494 cLAnlssEl
1558 464 1634 507 qui,

159 532 256 566 quam
281 521 409 551 Summi
433 519 585 550 Numinis
610 517 790 561 Sapientiae
815 515 951 547 debeant
977 515 1128 547 mortales
1156 518 1386 557 reverentiam,
1410 529 1534 550 sacrum
1556 531 1634 562 pan.

159 578 238 610 dens
261 576 424 616 codicem,
446 582 482 607 ut
505 575 618 615 debes,
642 574 773 606 edocere
795 573 899 605 soles:
922 573 1055 617 insuper
1076 584 1152 605 vero
1176 574 1333 606 Historiae
1360 575 1520 607 Naturalis
1543 588 1633 609 enar-

159 633 276 665 randae
295 632 427 671 labore,
451 643 491 663 ne
520 631 596 662 haec
619 630 796 674 Disciplina
822 629 972 661 deficeret
1000 628 1117 668 nobis,
1148 637 1263 673 sponte
1291 632 1458 674 suscepto,
1488 632 1631 674 ejusdem

157 691 334 733 Sapientiae
366 688 586 728 documenta,
620 694 688 719 toto
713 689 851 721 Naturae
883 688 998 719 ordine
1034 691 1227 733 conspicua,
1260 690 1415 724 hactenus
1454 692 1632 734 exposuisti

156 746 336 791 praeclare,
360 746 448 789 quod
473 751 600 789 gratum
624 752 655 777 et
675 752 840 788 acceptum
859 744 919 776 tibi
942 744 1118 777 referimus,
1165 746 1290 777 Gratias
1313 753 1345 778 et
1370 758 1431 791 ego
1459 747 1531 779 Tibi
1550 758 1632 790 ago,

157 805 215 847 qui
237 805 401 835 Prorector
425 802 487 834 hoc
517 813 604 833 anno
635 802 778 833 consiliis
802 802 867 833 tuis
897 808 929 833 et
957 812 1053 845 opera
1084 802 1165 833 mihi
1198 813 1368 846 nunquam
1402 814 1470 834 non
1502 813 1631 834 summa

155 859 285 892 adfuisti
315 860 492 892 voluntate.
546 862 654 903 Teque
685 859 860 890 salutamus
891 861 974 891 vitae
1004 858 1207 900 integerrime
1236 858 1466 891 suamc-,Aizi
1489 860 1547 903 qui
1571 869 1628 902 po-

153 917 274 960 pularis
303 927 395 948 meus
428 917 555 949 Frisiaci
580 916 721 947 nominis
744 914 872 947 laudem
899 922 930 947 et
959 921 1016 946 tuo
1041 915 1172 958 iugenio
1198 922 1229 948 et
1254 916 1294 947 de
1317 916 1488 948 Academia
1519 922 1626 948 nostra

154 974 276 1013 meritis
298 974 423 1016 egregie
445 979 614 1005 sustentas·

193 1147 283 1188 Quae
295 1145 423 1190 publica
440 1144 610 1184 habemus,
624 1144 663 1177 ad
676 1143 915 1189 amplificandas
929 1149 1010 1175 artes
1027 1149 1058 1174 et
1076 1142 1222 1174 scientias
1238 1141 1397 1186 praeclare
1414 1148 1613 1185 comparata,

149 1203 235 1235 {anta
250 1203 304 1234 illa
320 1209 351 1235 et
371 1202 537 1246 splendid-a
557 1201 723 1244 subsidia,
747 1202 809 1233 hoc
823 1201 918 1233 etiam
936 1211 1023 1232 anuo
1042 1200 1167 1242 egregie
1189 1206 1334 1231 aceurata
1359 1206 1435 1231 sunt
1458 1206 1489 1231 et
1511 1206 1613 1231 aucta.

193 1317 479 1349 Brauo‘rflncA
503 1316 613 1348 doctae
635 1325 833 1348 voons'ru
853 1315 956 1346 nostri
984 1313 1160 1345 industriae
1181 1313 1248 1356 jam
1276 1312 1337 1344 hoc
1359 1312 1470 1350 debet,
1497 1318 1533 1343 ut
1559 1312 1620 1342 im-

147 1375 291 1404 mensam
313 1372 470 1404 librorum
489 1374 613 1416 copiam
631 1374 676 1405 sic
694 1373 807 1405 ordine
828 1373 915 1415 justo
934 1371 1120 1403 collocatam
1148 1369 1313 1409 exhibeat,
1337 1376 1373 1400 ut
1395 1376 1426 1400 et
1449 1367 1620 1411 adspectus*

147 1432 188 1461 sit
205 1440 377 1468 amoenus,
400 1437 431 1461 et
449 1441 524 1462 usus
551 1430 670 1469 facilis,
696 1429 818 1461 facilior
841 1429 946 1461 adhuc
968 1428 1059 1460 brevi
1075 1427 1234 1465 futurus,
1251 1425 1410 1469 perfecto,
1434 1435 1500 1467 quo
1522 1434 1617 1455 occu·

145 1491 239 1528 patur
254 1486 445 1517 etiamnunc.
455 1487 504 1518 vir
525 1487 741 1526 clarissimus,
759 1486 912 1530 catalogo.
944 1486 1059 1529 Operis
1078 1484 1223 1527 adjutore
1243 1494 1347 1527 nuper
1371 1482 1446 1514 dato
1469 1490 1624 1512 cremo

143 1542 223 1577 ,Viro
244 1541 472 1575 eruditissimo.

188 1654 254 1686 Nec
282 1655 391 1687 miuus
420 1647 666 1689 susmrox'rt
693 1657 796 1689 nostri
817 1666 911 1700 curae
935 1662 968 1688 et
997 1655 1129 1698 ingenio
1156 1654 1251 1687 debet
1276 1664 1448 1687 MUSEUM:
1469 1662 1623 1685 Amiro-

143 1721 304 1750 alcum,
327 1718 400 1755 post·
422 1719 470 1744 tot
491 1715 639 1754 eximias,
662 1725 747 1758 quas·
759 1713 965 1753 continebat,
990 1712 1116 1744 divitias
1137 1722 1225 1742 nunc
1242 1717 1273 1742 et
1291 1721 1331 1742 eo
1351 1713 1522 1754 praecipue
1543 1719 1623 1740 auc-¹

145 1774 239 1810 tum,
261 1768 349 1812 quod
367 1780 385 1801 e
407 1771 540 1813 priv-atis
562 1770 640 1802 olim
659 1771 769 1814 magni
796 1780 1056 1803 BRUG.MA.N511
1079 1776 1110 1801 et
1136 1779 1208 1800 Bou
1222 1778 1280 1800 Nu
1306 1769 1426 1799 Museis
1445 1766 1485 1797 ad
1505 1771 1615 1797 anato-

143 1835 218 1856 men
240 1828 384 1869 corporis
404 1826 558 1867 humani,
585 1828 680 1859 etiam
708 1835 947 1871 comparatam,
970 1828 1107 1859 maxime
1134 1832 1274 1870 spectare
1298 1824 1404 1856 visum
1420 1830 1486 1862 est,
1511 1828 1620 1853 totum³

142 1884 221 1913 'vero
245 1881 358 1914 ordine
382 1883 577 1915 nitidissimo
606 1884 741 1928 pulchre
773 1885 974 1929 scienterque
1002 1884 1208 1928 dispositum.
1222 1916 1226 1917 ⁷
1238 1901 1283 1909 —
1319 1881 1535 1924 Ejusdemque
1570 1879 1613 1910 si·

140 1938 212 1970 mul
245 1939 316 1971 Viri
341 1941 492 1983 praeclari
510 1942 617 1973 studio
644 1941 824 1982 indefesso,
847 1945 1011 1974 curatione
1025 1966 1035 1983 ‚
1051 1948 1097 1974 Aet
1121 1940 1396 1973 administratione
1409 1962 1419 1977 ,
1450 1945 1619 1969 HonTtJS›

140 2004 376 2028 BOTAIHCUS
403 1997 529 2040 insigne
551 2010 813 2033 BRUGMANSH
838 2002 1109 2040 Monumentum,
1134 1998 1237 2031 Urbis·
1255 2003 1291 2030 et.
1311 1995 1497 2029 Academiae
1515 2002 1609 2026 orna·

142 2057 309 2095 mentum,
331 2054 505 2100 rectissime
523 2063 570 2090 est
588 2064 794 2091 conservatus
814 2064 846 2090 et
872 2056 1037 2091 excultus*
1065 2086 1068 2089 .

1531 2105 1618 2141 Μυε-
